2662 4792
111 260 169 317 602
439 256 661 317 ADVERSUS
682 256 881 317 SPUDIAM.

110 409 189 471 mille
212 409 367 471 drachmas
388 409 580 489 oppignerata
601 421 680 473 sunt.
721 411 850 473 Proinde
865 416 932 487 jure
957 412 987 469 in
1011 408 1207 489 quadraginta

110 503 195 563 minis
208 502 372 563 assumebat
384 520 431 574 ea,
443 522 511 581 quae
525 502 657 565 Leocrati
674 515 853 578 numerarat,
869 522 996 583 qumque
1016 503 1117 563 datam
1137 500 1207 573 mihi

110 615 253 657 summam
266 597 453 675 superabant.
494 597 539 657 Ac
553 584 623 655 mihi
635 616 708 676 cape
728 598 854 678 primum
871 596 1095 676 descriptionem
1115 593 1205 665 hanc,

111 699 142 749 et
153 689 196 749 eis
210 708 289 748 nunc
303 689 403 762 recita,
418 688 557 767 quidnam
570 700 691 769 uterque
706 700 835 751 nostrum
853 689 976 751 habeat:
997 687 1116 762 deinde,
1129 687 1207 748 arbi-

110 794 218 843 trorum
230 783 441 855 testimonium,
455 795 489 844 ut
501 786 605 858 sciant,
616 804 683 847 eum
696 785 848 865 pecuniam
864 787 952 845 etiam
964 784 1053 863 longe
1065 781 1206 862 majorem

8 890 11 895 '
110 877 228 949 habere,
238 877 335 956 deque
345 878 557 939 eaLeocratem
571 880 713 941 actionem
727 878 897 950 instituisse,
908 886 939 937 et
950 876 1076 937 arbitros
1086 875 1207 937 inhanc

111 971 284 1031 seutentiam
298 974 520 1050 pronunciasse.
563 972 678 1033 Recita.

359 1192 617 1257 DESCRIPTIO.
659 1188 960 1289 TESTIMQNIUM.

110 1336 161 1395 An
173 1354 239 1395 non·
248 1334 305 1397 iste
319 1335 416 1415 palam
429 1335 519 1397 habet
531 1335 726 1415 quadraginta
738 1334 833 1394 minas
845 1333 922 1395 dotis
931 1330 1107 1413 jampridem
1119 1349 1128 1389 ε
1149 1347 1206 1408 ego

109 1446 178 1488 vero
187 1426 305 1507 triginta
313 1427 418 1499 mines,
429 1428 678 1508 quemadmodum
691 1430 755 1500 iste,
766 1426 847 1487 mille
856 1446 926 1488 vero
936 1425 1090 1487 drachmas
1102 1431 1207 1503 postea

109 1540 170 1582 non
182 1521 272 1581 modo
286 1540 345 1581 non
370 1521 479 1600 accepi,
500 1521 553 1581 sed
573 1531 604 1582 et
622 1542 701 1583 nunc
714 1521 752 1582 de
769 1521 811 1583 cis
832 1519 980 1600 periclitor
993 1516 1078 1598 quasi
1098 1516 1205 1597 injuste

109 1633 161 1673 eas
175 1612 294 1692 petam?

120 1744 123 1751 ·
153 1708 200 1765 ll.
222 1707 278 1766 His
290 1706 390 1784 itaque
404 1705 442 1766 de
455 1706 563 1779 causis,
581 1707 714 1780 Judioes,
737 1706 876 1785 Spudias‚
888 1725 920 1765 re
942 1702 1043 1763 amicis
1063 1702 1206 1782 permissa

108 1800 190 1861 litem
215 1820 330 1861 mecum
350 1801 511 1880 transigere
526 1802 629 1873 noluit,
640 1802 720 1881 quod
735 1802 762 1862 ei
776 1801 969 1863 usuveniebat
983 1808 1015 1858 ut
1027 1798 1131 1857 horum
1144 1816 1206 1858 om·

110 1894 190 1954 nium
210 1894 448 1964 convinceretur;
475 1914 542 1954 cum
564 1895 641 1955 enim
665 1895 706 1954 illi
728 1895 774 1956 his
796 1895 930 1956 omnibus
951 1892 1153 1952 interfuissent
1175 1898 1205 1950 et

109 1997 190 2047 certo
203 2008 239 2048 ea
251 1987 368 2063 scirent,
383 2008 443 2048 non
457 1988 484 2048 ei
497 1987 697 2067 permisissent
710 1987 823 2067 quidvis
837 1989 952 2049 dicere:
982 1986 1061 2065 apud
1078 2004 1132 2045 vos
1152 2003 1205 2043 au·

109 2088 176 2153 tem¹
189 2100 222 2141 se
235 2081 422 2142 mentientem
442 2102 488 2141 me
507 2101 576 2142 vera
590 2082 706 2142 dicente
718 2082 780 2142 fore
799 2082 974 2161 superiorem
992 2089 1101 2159 sperat.
1140 2078 1205 2159 Ego

108 2194 177 2234 vero
192 2194 259 2253 quae
272 2174 400 2253 postulo,
420 2175 572 2253 perspicue
586 2175 667 2234 vobis
682 2175 889 2247 demonstravi,
903 2183 936 2233 ut
956 2173 1021 2252 ipse
1038 2170 1141 2252 potui:
1162 2171 1204 2231 rei

109 2286 215 2345 gnaros
230 2276 325 2327 autem
348 2267 404 2327 iste
423 2267 509 2347 fugit,
522 2267 602 2347 quod
623 2278 741 2348 putaret
759 2268 801 2328 eis
816 2269 921 2328 ¹fucum
938 2267 1001 2326 deri
1024 2286 1083 2326 uon
1105 2284 1203 2345 posse.

111 2358 219 2432 Quare,
231 2357 364 2432 Judices‚
378 2358 466 2418 etiam
479 2380 536 2421 ros.
551 2360 578 2422 ei
594 2369 770 2440 potestatem
783 2361 940 2423 mentiendi
959 2369 989 2419 et
1005 2357 1204 2421 calumniandi

110 2469 147 2510 ne
160 2451 347 2523 date,eorum
362 2452 568 2531 quoediximus
580 2473 738 2531 memores..
767 2454 869 2514 Nostis
879 2456 955 2515 enim
966 2454 1064 2515 omnia
1073 2463 1107 2513 ut
1119 2462 1204 2533 gesta

110 2553 197 2610 sunt;
219 2553 413 2623 praeterquam
426 2545 449 2604 si
463 2545 535 2624 quid
547 2564 604 2624 ego
624 2547 761 2626 praeterii,
774 2548 812 2609 ad
830 2548 966 2628 exiguam
983 2567 1090 2626 aquam
1105 2547 1202 2608 dicere

110 2644 241 2694 coactus.
