2662 4792
121 274 181 335 saa
368 252 372 267 '
425 272 645 337 ruvereus
666 272 904 337 rotronem.

121 436 152 487 et
167 446 270 489 eorum
282 429 332 508 qui
345 439 406 488 tum
418 429 563 509 stipendia
575 438 737 510 exegcmnt
745 439 775 489 et
784 429 988 510 prefectorum
1002 425 1129 487 classis:
1144 444 1217 507 cog·

121 522 249 581 noscetis
268 523 345 582 euim
365 541 414 582 me
433 522 578 603 stipendia
590 523 747 604 remigibus
762 532 792 583 et
804 521 944 583 militibus
964 519 1088 599 siugulis
1110 520 1219 581 mensi·

119 613 176 673 bus
197 613 322 686 dedisse,
336 634 355 674 s
376 614 498 676 ducibus
512 624 679 677 commeatu
698 616 841 676 duntaxat
858 622 991 693 eccepto,
1004 620 1131 691 excepto
1143 613 1219 673 duo-

119 722 184 765 rum
197 706 340 767 mensium
355 707 509 789 stipendio,
522 720 587 770 toto
600 727 678 769 anno
693 718 724 769 et
737 707 864 789 quinque
875 707 1027 767 mensibus
1038 725 1048 775 3
1067 714 1100 765 et
1112 715 1218 765 nentes

120 817 198 858 ame
211 801 387 872 conductos,
401 812 432 863 et
453 812 596 881 quantum
613 802 746 883 pecuniae
767 799 873 880 singuli
891 799 1070 878 acceperint,
1084 798 1167 859 unde
1187 807 1219 859 et

119 909 217 952 meum
231 894 373 966 studium,
387 905 418 955 et
438 896 625 975 quamobrem
646 896 700 956 iste
721 915 740 955 e
762 913 810 954 me
828 912 932 955 navem
945 892 1028 953 finito
1041 890 1220 953 triemrcbiss

119 1002 192 1045 mese
205 994 336 1068 tempore
349 988 480 1069 accipere
494 987 631 1062 noluerit,
643 985 838 1068 perspicietis.

534 1228 800 1291 TESTIMONIA.

158 1370 188 1426 4.
210 1366 262 1429 Me
282 1369 369 1450 igitur
381 1370 452 1430 nihil
464 1370 532 1432 falsi
544 1369 654 1431 dixisse
674 1368 752 1450 apud
766 1387 829 1439 vos,
846 1365 976 1439 Judices,
990 1386 1009 1425 e
1026 1364 1155 1427 recitatis
1174 1376 1215 1429 te·

118 1459 260 1521 stimoniis
271 1462 411 1524 audistis:
435 1484 471 1524 ea
481 1481 567 1543 porro
577 1482 644 1541 quoe
654 1462 748 1522 dicam
758 1480 909 1532 veraesse,
921 1458 1104 1518 omnesmibi
1114 1478 1213 1521 nasen-

116 1552 236 1612 tiemini.
253 1554 391 1615 Triremis
405 1554 634 1614 destructionem
648 1573 715 1613 esse
728 1562 843 1613 constat
856 1552 990 1631 primum,
1001 1551 1100 1629 siquis
1108 1550 1215 1631 stipen-

116 1642 198 1702 dium
211 1663 271 1703 non
286 1645 395 1705 solvat:
418 1645 534 1717 deinde,
549 1645 574 1705 si
585 1645 650 1725 quis
664 1644 777 1704 interea
790 1645 819 1703 in
830 1644 975 1703 Piraeeum
984 1641 1116 1703 redierit.
1136 1644 1213 1705 Nam

117 1744 148 1794 et
160 1737 287 1795 maxima
300 1737 334 1796 fit
346 1737 483 1809 desertio,
498 1747 528 1798 et
542 1747 640 1797 nautae
658 1736 708 1816 qui
725 1747 876 1797 remanent
892 1736 998 1795 nolunt
1017 1756 1134 1797 rursum
1145 1754 1215 1797 oon-

116 1827 269 1900 sceudere,
282 1828 337 1887 nisi
352 1828 393 1888 eis
408 1830 465 1890 alia
478 1830 604 1908 pecunie
623 1829 709 1889 detur
722 1827 760 1888 nd
777 1847 839 1888 rem
852 1828 1025 1888 familiarem
1036 1828 1214 1890 constituen-

116 1919 205 1980 dnm:
227 1940 294 1998 quae
321 1940 389 1981 cum
413 1932 537 2000 utreque
556 1921 626 1980 mihi
649 1941 705 1981 usu
719 1921 861 1994 venerint,
885 1920 1020 1994 Judices,
1032 1920 1126 2001 pluris
1146 1920 1215 1981 mibi

115 2012 286 2073 trierarchia
308 2013 452 2074 constitit.
480 2015 595 2074 Etenim
620 2013 703 2073 nulla
723 2012 857 2074 mercede
870 2033 888 2073 e
902 2013 979 2073 duce
1003 2022 1128 2091 accepta
1149 2024 1215 2073 octo

115 2106 264 2165 mensibus
283 2106 341 2167 huc
366 2108 475 2188 appuli,
488 2107 604 2187 legatos
623 2106 743 2180 vehens,
766 2114 920 2185 propterea
944 2105 1025 2184 quod
1045 2124 1113 2165 mea
1135 2105 1214 2165 ueris

115 2199 224 2281 optime
238 2200 381 2262 instructa
395 2211 468 2262 erat.
510 2202 552 2260 Et
571 2201 640 2262 hinc
660 2221 728 2261 cum
741 2220 842 2260 rursus
857 2219 876 2258 e
887 2198 996 2281 populo
1010 2198 1081 2257 mihi
1094 2197 1216 2259 menda·

116 2303 179 2354 tum
192 2304 272 2356 esset
285 2305 320 2355 ut
333 2296 492 2356 Menonem
503 2295 610 2371 ducem
631 2294 660 2353 in
676 2294 900 2373 Hellespontum
918 2292 1056 2352 Autoclis
1071 2292 1119 2353 cui
1132 2292 1215 2353 ebro·

115 2397 217 2466 gotum
241 2397 305 2447 erat
326 2388 478 2467 imperium
499 2385 564 2447 loco
586 2387 732 2457 veherem,
752 2386 882 2446 celeriter
906 2385 990 2457 solvi,
1009 2394 1040 2446 et
1060 2385 1090 2444 in
1114 2404 1215 2445 eorum

114 2489 270 2540 nautarum
284 2480 334 2557 qui
347 2500 394 2538 me
408 2481 585 2559 reliquerant
596 2480 694 2540 locum
705 2479 834 2538 conduxi
848 2477 930 2551 alios,
941 2478 1026 2537 donis
1041 2489 1072 2539 et
1082 2490 1215 2540 auctore-

115 2572 221 2630 mentis
241 2573 354 2649 magnis
378 2571 464 2642 datis,
479 2572 625 2631 veteribus
640 2580 738 2630 autem
758 2571 854 2631 nautis
874 2570 923 2650 qui
945 2582 1149 2632 remanserunt
1163 2571 1215 2631 ali·

115 2665 187 2744 quid
201 2664 323 2742 largitus
346 2685 410 2724 sum
429 2664 507 2743 quod
529 2664 607 2723 domi
628 2664 825 2741 relinquerent
843 2664 880 2724 ad
902 2665 1137 2725 constituendam
1156 2684 1215 2724 rem

114 2756 298 2830 familiarem,
316 2765 423 2837 proeter
442 2756 473 2815 id
494 2756 574 2834 quod
595 2756 673 2835 prius
696 2766 881 2836 acceperant,
896 2774 956 2816 non
978 2758 1129 2836 ignorans,
1146 2756 1216 2838 quid

113 2849 221 2930 cuique
235 2849 265 2909 in
280 2850 436 2930 praesentia
448 2858 527 2909 esset
546 2868 639 2927 opus:
662 2868 729 2908 cum
743 2859 838 2908 autem
853 2851 915 2928 ipse
929 2850 970 2908 ita
984 2870 1111 2928 egerem,
1124 2862 1159 2911 ut
1175 2844 1229 2909 itt'

114 2963 162 3003 me
176 2954 254 3004 amet
265 2943 381 3023 Jupiter
396 2954 427 3003 et
437 2942 544 3023 Apollo
557 2962 643 3002 nemo
656 2951 785 3002 vestrum
800 2944 911 3015 credat,
926 2943 975 3021 qui
990 2963 1050 3001 non
1064 2964 1133 3004 vere
1147 2963 1216 3023 cog-

114 3037 209 3097 nitum
231 3047 340 3097 statum
358 3057 452 3096 rerum
471 3056 602 3098 mearum
613 3036 712 3105 habet,
727 3044 756 3095 et
769 3034 893 3094 fundum
908 3035 1113 3114 Thrasylocbo
1128 3046 1215 3115 etque

114 3132 268 3190 Archeneo
281 3130 530 3209 oppignerassem‚
544 3129 663 3207 triginta
676 3129 760 3187 minis
775 3131 812 3189 ab
826 3131 868 3188 eis
880 3137 982 3186 mutuo
993 3130 1118 3207 sumptis
1129 3139 1214 3208 atque

114 3222 191 3282 inter
212 3232 316 3282 nautas
330 3222 503 3293 distributis,
518 3221 591 3281 solvi
609 3222 815 3301 profectusque
831 3242 906 3293 sum,
920 3231 953 3279 ut
974 3241 1010 3279 ne
1029 3221 1102 3299 quid
1116 3240 1215 3281 eorum

114 3335 181 3392 quse
193 3316 414 3387 mandaveratis,
427 3315 564 3394 populus,
579 3316 658 3392 quod
680 3315 710 3374 in
728 3336 776 3375 mc
791 3317 909 3394 quidem
923 3325 1012 3385 esset,
1025 3315 1214 3384 desideraret.

116 3406 230 3474 Quibus
250 3407 337 3465 rebus
358 3407 483 3484 populus
497 3405 605 3466 auditis
623 3427 671 3466 me
688 3418 716 3467 et
737 3408 914 3467 collaudavit
935 3418 965 3466 et
987 3407 1025 3466 ad
1048 3427 1164 3466 coenem
1184 3406 1213 3466 iu

114 3499 225 3558 curiam
240 3498 381 3559 invitavit.
407 3498 480 3558 Hoec
494 3518 563 3558 vere
578 3520 596 3558 a
609 3519 654 3559 mc
667 3500 735 3573 dici,
745 3500 822 3560 lecto
836 3498 1001 3561 testimonio
1016 3510 1047 3559 et
1058 3500 1214 3579 plebiscito

115 3589 312 3671 cognoscetis.

334 3806 640 3870 TESTIMONIUM.
683 3808 982 3869 PLEBISCITUM.

155 3958 185 4014 5.
207 3953 370 4033 Postquam
384 3961 482 4011 autern
495 3953 525 4011 in
540 3953 764 4029 Hellespontum
778 3951 920 4024 venimus,
935 3971 1025 4029 quum
1037 3951 1212 4013 trierarcbioe

115 4069 189 4107 mere
203 4058 317 4126 tempus
332 4044 450 4115 exisset,
467 4055 496 4103 et
510 4045 657 4122 stipendia
675 4063 733 4103 non
754 4042 810 4102 nisi
831 4045 954 4103 duorum
976 4044 1120 4103 mensium
1143 4043 1213 4104 mili-

115 4142 193 4200 tibus
219 4139 317 4199 soluta
338 4147 448 4209 esseut,
469 4147 558 4214 atquc
582 4136 657 4195 alius
682 4137 838 4216 imperator
854 4137 1060 4197 Timomachus
1086 4139 1213 4208 adesset,

114 4233 197 4311 isque
211 4232 308 4292 nullos
330 4231 447 4291 navium
468 4248 653 4290 successores
676 4229 845 4301 adduceret,
860 4231 944 4290 multi
966 4250 982 4288 c
1004 4231 1077 4289 meis
1093 4230 1213 4310 abjectis

114 4324 218 4384 animis
229 4346 302 4384 nave
317 4324 418 4384 relicta
434 4325 577 4393 abierunt,
595 4321 643 4381 olii
663 4322 692 4380 in
706 4322 806 4381 Asiam
822 4324 985 4393 militatum,
999 4323 1048 4382 alii
1067 4324 1098 4382 iu
1112 4324 1213 4383 Thasi-

106 4435 191 4475 orum
206 4427 237 4478 et
252 4418 465 4480 Maronitarum
491 4436 591 4491 neree,
606 4415 719 4495 maguis
736 4416 856 4477 adducti
880 4414 1029 4496 stipendiis
1048 4434 1213 4495 nragnaque
