2662 4792
111 297 170 354 652
463 294 506 352 lN
528 292 781 353 STEPHANUM
805 292 846 350 lI.

110 457 285 508 stamentum
308 447 445 519 condere,
459 447 619 526 prasertim
643 445 681 506 de
702 445 830 515 muliere,
852 462 919 504 cum
939 443 969 502 id
987 459 1083 521 neque
1102 440 1204 500 liceret

108 538 235 618 legibus,
248 548 278 599 at
290 538 372 615 liberi
386 530 494 600 essent.
536 537 728 599 Considerate
742 556 837 617 porro,
855 555 945 614 quare
964 555 1020 594 nec
1034 531 1139 613 siquis
1156 552 1203 592 or·

109 632 166 692 bus
188 624 244 704 est,
264 630 412 692 condendi
430 631 596 693 testamenti
619 639 796 711 potestatem
816 629 942 689 habeat:
963 627 997 698 si,
1011 625 1117 704 inquit,
1130 624 1204 686 deli-

111 733 166 796 ret,
179 732 231 782 aut
248 732 380 803 aegrotet,
399 736 452 784 aut
470 741 615 784 uenenum
632 723 747 795 biberit,
763 732 815 783 aut
836 720 949 781 mulieri
964 720 1137 792 obsecutus,
1153 731 1204 779 ant

110 816 202 887 senio,
217 825 267 875 aut
289 817 397 890 furore,
413 825 466 876 aut
486 816 582 895 aliqua
606 815 781 876 necessitate
800 814 838 875 sit
858 810 1084 885 circumventus,
1103 812 1131 872 ei
1151 832 1203 893 po·

109 915 244 966 testatem
263 907 344 986 leges
367 916 486 986 negant.
528 907 596 967 Jam
623 906 790 987 expendite,
812 925 849 967 an
871 905 934 965 sani
954 903 1081 964 hominis
1100 904 1141 963 -id
1160 913 1204 964 te·

110 1010 288 1060 stamentum
312 1001 456 1074 videatur,
475 1000 554 1080 quod
575 1000 622 1061 isti
644 1009 754 1080 patrem
777 999 881 1060 fecisse
907 1007 1051 1059 asserunt.
1099 997 1204 1077 Neque

109 1111 179 1152 vero
202 1092 233 1151 id
254 1092 292 1151 ad
315 1093 395 1152 aliud
417 1094 582 1174 exemplum
604 1093 769 1166 conferetis,
788 1112 877 1172 quam
901 1092 943 1156 ad,
958 1091 1146 1164 locationem,
1165 1111 1203 1152 an

109 1185 192 1244 vobis
207 1193 437 1245 consentaneum
457 1205 523 1246 esse
540 1185 684 1258 rideatur,
707 1185 754 1246 cui
777 1186 845 1245 artis
866 1203 926 1244 una
947 1183 1102 1243 nobiscum
1121 1202 1205 1243 exer·

110 1276 215 1336 cendae
229 1286 406 1357 potestatem
427 1276 550 1357 negarit,
564 1276 591 1336 ei
609 1296 729 1337 uxorem
752 1296 835 1336 suam
850 1277 893 1336 uti
907 1275 1030 1348 dederit,
1044 1284 1075 1335 et
1094 1277 1205 1335 socium

110 1388 229 1429 snorum
253 1369 375 1430 liberum
397 1389 461 1430 esse
482 1389 588 1451 passus
609 1369 657 1430 sit.
698 1369 802 1449 Neque
823 1366 973 1438 miremini,
987 1366 1011 1426 si
1023 1386 1084 1439 eos,
1102 1376 1207 1431 caetera

111 1462 217 1522 callide
240 1472 420 1522 commentos
440 1482 507 1542 quea
527 1463 558 1522 in
580 1461 726 1523 locatione
744 1470 822 1535 sunt,
835 1460 891 1520 hoc
904 1459 1017 1521 fefellit.
1060 1460 1206 1521 Fortassis

111 1553 188 1613 enim
202 1553 232 1613 in
245 1554 326 1614 aliud
339 1554 410 1614 nihil
424 1554 528 1615 intenti
545 1555 676 1626 fuerunt,
689 1554 744 1614 nisi
765 1564 799 1612 ut
812 1553 937 1633 pecunia
948 1572 1004 1613 nos
1025 1552 1205 1625 fraudarent,

111 1654 142 1705 et
154 1655 266 1724 patrem
280 1656 314 1706 ut
326 1648 486 1707 obaeratum
499 1647 706 1707 inscriberent:
729 1646 835 1705 deinde
849 1665 896 1706 me
917 1664 977 1705 non
997 1645 1039 1705 ita
1059 1644 1123 1705 fore
1136 1665 1206 1707 acu·

112 1746 175 1795 tum
188 1739 343 1815 putabant,
357 1751 392 1799 ut
404 1738 433 1797 in
442 1739 507 1798 haec
521 1747 659 1799 accurate
673 1738 855 1817 inquirerem.
1228 1742 1232 1749 '

155 1829 201 1887 ll.
223 1829 416 1890 Considerate
431 1849 518 1910 porro
542 1830 683 1909 aquibus
704 1829 784 1909 leges
807 1829 982 1910 desponderi
1004 1831 1141 1892 mulieres
1159 1835 1207 1907 ju·

111 1920 210 1992 beant,
223 1929 257 1980 ut
269 1939 306 1980 ex
319 1919 354 1980 iis
369 1920 457 1981 etiam
472 1921 662 1983 commentitii
680 1922 844 1982 testamenti
866 1921 974 1984 falsum
991 1921 1084 1985 fnisse
1100 1931 1208 1985 testem

114 2012 295 2094 Stephanum
309 2013 488 2095 intelligatis.
532 2015 647 2075 Recita.

639 2170 728 2230 LEX.

141 2297 218 2356 Quam
229 2297 333 2361 legitima
341 2299 492 2363 desponderit
499 2315 606 2357 uxorem,
611 2302 649 2349 rel
660 2308 735 2362 pater,
744 2301 783 2349 vel
790 2300 860 2348 irater
872 2314 1003 2362 germanus,
1014 2301 1051 2350 vel
1063 2316 1122 2350 avus
1132 2307 1208 2364 pster-

114 2390 166 2431 nus,
175 2389 207 2422 ex
224 2391 252 2422 sa
266 2376 334 2423 liberi
347 2377 450 2439 germani
462 2384 536 2425 sunto.
569 2377 673 2434 Quodsi
688 2393 755 2424 nemo
766 2377 847 2423 borum
859 2377 940 2434 luerit,
951 2377 971 2424 si
982 2378 1040 2425 orbs
1053 2384 1098 2434 est,
1112 2377 1211 2441 iscujrs

115 2457 153 2497 est
163 2451 289 2499 auotoritas
300 2469 350 2500 eam
361 2454 443 2501 lrabeat
454 2469 460 2498 ε
478 2453 500 2500 si
510 2469 555 2501 non
566 2454 645 2512 luerit,
652 2454 676 2501 in
687 2456 739 2514 eJns
750 2453 787 2501 eui
798 2469 824 2502 se
836 2454 968 2517 permiserit
977 2459 1095 2514 potestate
1105 2460 1167 2502 asto.

116 2563 189 2621 Haec
203 2563 252 2623 lex
266 2564 372 2640 quibus
388 2564 590 2625 auctoritatem
610 2566 728 2638 tribuat,
752 2565 922 2626 audivistis:
950 2565 1056 2625 horum
1074 2586 1145 2627 vero
1158 2586 1210 2626 ne-

115 2655 222 2712 minem
255 2656 339 2714 matri
369 2666 516 2716 auctorem
537 2657 639 2730 fuisse,
660 2658 716 2736 ipsi
741 2658 812 2717 mihi
834 2658 993 2718 adversarii
1014 2659 1211 2719 testimonium

115 2746 260 2806 dixerunt.
302 2747 378 2806 Nam
402 2747 427 2805 si
450 2747 586 2818 luissent,
607 2749 818 2817 exhibuissent.
858 2753 906 2807 An
926 2768 996 2809 vero
1014 2750 1107 2811 falsos
1120 2760 1211 2811 testes

115 2839 153 2897 ab
169 2838 211 2898 eis
226 2838 344 2898 creditis
358 2840 532 2899 subornatos
547 2849 577 2900 et
590 2849 766 2899 testamenta
779 2861 839 2900 non
852 2842 948 2901 facta:
971 2841 1090 2902 fratrem
1104 2852 1211 2916 summ,

115 2941 168 2992 aut
191 2952 289 3003 avum,
304 2942 356 2992 aut
378 2942 500 3012 patrem,
516 2933 540 2992 si
559 2932 698 3004 licuisset,
721 2950 780 2991 non
799 2931 889 2991 fuisse
907 2933 1101 3012 producturos
1124 2954 1213 2994 causa

24 3037 26 3041 ’
116 3025 323 3110 pecuniaruml
351 3025 426 3085 Cum
447 3034 545 3085 autem
557 3024 659 3084 horum
674 3025 819 3084 neminem
838 3025 1024 3104 superstitem
1038 3026 1131 3087 luisse
1143 3046 1212 3087 con-

118 3128 186 3192 stet,
200 3129 263 3179 tum
276 3138 397 3179 necesse
411 3128 457 3179 est
467 3128 589 3178 matrem
603 3128 732 3179 nostram
742 3119 835 3179 fuisse
847 3119 998 3199 pupillam.
1136 3126 1140 3133 '

161 3215 208 3271 12.
230 3213 375 3292 Pupillam
391 3223 488 3272 autem
503 3212 533 3271 in
546 3212 629 3292 cujus
643 3232 708 3272 esse
726 3221 871 3292 potestate
891 3212 971 3291 leges
994 3213 1131 3291 jubeant,
1144 3233 1212 3276 con·

119 3302 251 3364 siderate.
294 3304 399 3364 Recita
412 3305 516 3381 legem.

620 3448 709 3506 LEX.

153 3563 223 3621 Quod
239 3563 260 3610 si
275 3563 328 3624 quis
340 3580 353 3611 e
365 3565 456 3626 pupilla
467 3564 537 3613 luerit
547 3571 623 3622 natus,
634 3566 675 3613 ubi
689 3581 772 3613 annum
788 3564 864 3613 atatis
875 3564 991 3613 decimum
1007 3574 1099 3615 sextum
1115 3567 1214 3630 comple·

120 3640 189 3695 verit,
198 3640 307 3700 pecunias
318 3648 404 3697 teneat,
414 3648 438 3688 at
451 3642 539 3690 vietum
550 3644 618 3690 matri
628 3643 776 3690 demetiatur.

121 3768 249 3828 Proinde
263 3767 309 3827 lex
316 3769 403 3847 jubet
413 3779 535 3829 matrem
549 3770 579 3829 in
590 3769 713 3828 filiorum
729 3769 869 3847 puberum
883 3787 945 3828 esse
954 3777 1103 3847 potestate
1115 3790 1124 3838 ;
1149 3790 1212 3829 eos·

120 3884 178 3942 que
191 3863 299 3921 victum
312 3860 339 3920 ei
349 3862 490 3921 demetiri.
532 3863 583 3921 Me
598 3870 696 3921 autern
709 3869 826 3920 constat
840 3871 870 3920 et
879 3861 1017 3921 militasse
1031 3872 1060 3921 et
1071 3863 1212 3922 triremem

121 3955 289 4016 instruxisse
303 3954 396 4025 vobis,
411 3974 477 4013 cum
501 3956 555 4014 iste
575 3963 696 4013 matrem
719 3962 814 4012 meam
838 3954 867 4011 in
888 3953 1073 4013 matrimonio
1096 3955 1212 4014 habere.

123 4051 231 4108 Verum
254 4059 287 4106 ut
309 4055 458 4126 appareat,
481 4065 527 4104 me
546 4046 653 4105 triremi
674 4046 844 4124 praelectum
867 4045 1000 4116 affuisse3
1021 4057 1135 4125 patrem
1153 4047 1213 4126 jam

122 4141 201 4215 olim,
219 4161 286 4201 cum
308 4138 424 4218 nuptias
442 4137 497 4198 iste
511 4139 682 4207 celebraret,
697 4139 821 4204 obiisse3
844 4157 891 4196 me
905 4138 1029 4197 ancillas
1049 4141 1086 4198 ab
1106 4160 1143 4199 eo
1164 4158 1213 4218 po·

122 4234 246 4292 stulasse
260 4233 298 4293 ad
315 4231 507 4310 quaestionem
513 4251 521 4298 ;
543 4230 577 4288 iis
596 4229 665 4308 ipsis
684 4231 721 4288 de
740 4232 836 4305 rebus,
850 4251 887 4292 an
903 4251 947 4292 eae
961 4251 1037 4291 verae
1057 4243 1168 4306 essent,
1185 4240 1214 4290 et

124 4341 190 4383 eum
204 4344 389 4404 provocasse,
403 4343 476 4404 cape
489 4322 557 4384 milri
573 4321 778 4402 testimonium.
