2662 4792
129 258 188 317 638
490 260 534 319 ΙΝ
556 260 814 323 STEPHANUM
837 263 861 323 l.

126 410 230 481 fuisse,
243 409 292 471 rel
311 418 427 491 apertae
448 411 528 490 apud
545 413 685 475 arbitrum
698 415 804 477 vidisse
818 415 942 488 tabulas,
956 416 1011 477 sed
1024 426 1056 477 et
1074 416 1133 497 ipsi
1146 419 1225 481 affir-

125 504 233 564 merint
243 522 291 563 me
304 503 416 583 aperire
430 505 568 580 noluisse,
581 527 649 567 cum
662 529 713 570 eas
727 511 893 590 exemplum
906 530 973 571 esse
985 510 1062 572 iliius
1072 513 1223 575 testificati

126 598 346 672 sint-aliosne,
360 617 398 658 an
408 619 477 659 vero
489 601 670 681 semetipsos,
683 604 827 665 mendacii
841 604 1061 684 coarguerunt?

166 694 196 749 7.
214 691 264 751 Ad
282 692 359 763 haec,
374 692 585 768 Athenienses,
600 696 624 755 si
645 696 712 775 quis
730 697 927 757 testimonium
951 697 993 757 uti
1016 697 1159 777 scriptum
1178 710 1225 761 est

121 876 188 957 jure
200 896 318 957 quaque
334 878 439 953 injuria
456 890 541 959 pater
558 901 642 942 meus
663 882 693 941 id
716 883 823 943 fecisse
843 892 1050 944 testamentum
1064 885 1224 947 videretur.

125 971 208 1050 Cape
220 990 289 1032 vero
303 972 398 1051 ipsum
410 973 621 1049 testimonium,
634 985 665 1035 et
677 975 769 1037 recita
782 977 880 1055 ibique
894 975 1020 1037 desinite
1038 976 1089 1037 ubi
1110 986 1140 1037 te
1157 978 1223 1057 jus·

125 1084 200 1137 sero,
213 1074 249 1126 ut
261 1085 298 1126 er
310 1066 376 1146 ipso
390 1086 452 1126 rem
464 1067 672 1129 demonstrem.

512 1259 825 1320 TESTIMONIUM.

152 1380 413 1440 Testantur'seaffnisse
425 1392 487 1453 apud
498 1390 708 1446 arbitranisiam,
719 1404 773 1437 oum
780 1397 919 1451 provocaret
928 1386 1223 1453 Phormionpoltodmn,

123 1468 470 1531 omninoaffirmatexempium
479 1485 531 1517 esse
542 1466 799 1517 testamentiPasionis.
1155 1472 1160 1479 '
1190 1472 1193 1477 '

123 1574 248 1643 Desine.
290 1582 438 1663 Cogitate,
463 1584 604 1663 scriptum
628 1602 692 1642 esse
714 1579 933 1641 testamenti
956 1578 1143 1642 Pasiouis.
1169 1582 1221 1641 At·

122 1676 173 1755 qui
183 1676 338 1755 oportebat
351 1696 401 1736 eos
416 1677 468 1755 qui
480 1695 550 1735 vera
564 1676 662 1761 dicere
675 1672 795 1747 vellent,
806 1675 831 1732 si
842 1674 965 1734 maxime
976 1673 1057 1733 facta
1064 1684 1147 1735 esset
1156 1694 1221 1755 pro·

121 1768 247 1840 vocatio,
260 1768 337 1827 sicut
349 1768 430 1828 facta
448 1778 577 1841 nonest,
591 1767 642 1826 illo
656 1766 743 1824 modo
758 1766 864 1827 dicere.
906 1766 1015 1827 Recita
1024 1767 1220 1829 testimonium

122 1861 160 1919 ab
173 1859 257 1919 initio
269 1877 379 1918 rursus.

514 1992 823 2074 rnsrmommtr.

152 2145 277 2190 'testentur
288 2157 314 2190 se
323 2141 420 2191 affuisse
431 2142 493 2204 apud
502 2142 612 2190 arbitrum
621 2142 720 2202 Tirissa,

120 2259 351 2318 Testamur:
372 2257 523 2337 quippe
543 2257 610 2336 qui
633 2255 878 2317 affuerimus.
920 2254 1036 2316 Recita.

119 2403 174 2435 eum
186 2384 297 2434 Phormio
308 2393 449 2448 provocaret
459 2386 637 2446 Apollodorum,

118 2517 150 2567 et
161 2506 229 2576 hoc,
244 2504 269 2564 si
282 2513 560 2584 provocasset,
583 2512 664 2563 recte
678 2500 817 2560 dicerent.

117 2633 210 2684 omnino
220 2632 317 2680 affirmat
324 2632 460 2694 exemplum
470 2631 543 2679 suisne
553 2630 683 2679 testamenti
695 2630 811 2677 Pnsionis.

119 2747 229 2806 Desine
251 2745 300 2806 ibi.
344 2743 440 2803 Nemo
461 2744 594 2822 profecto
608 2748 671 2818 jam
691 2751 819 2803 testatus
836 2744 867 2803 id
881 2755 968 2818 esset,
983 2746 1040 2806 nisi
1054 2749 1218 2826 quinetiam

116 2841 192 2920 patri
206 2858 273 2898 meo
287 2836 419 2897 affuisset
431 2847 638 2896 testamentum
652 2836 781 2909 facienti,
795 2837 848 2896 sed
861 2838 959 2898 statim
973 2839 1107 2915 dixisset,
1121 2843 1218 2922 quid

117 2952 213 2994 vero
248 2950 322 2991 nos
355 2931 512 3002 scimus,
542 2930 742 3009 quodnam
779 2929 833 2988 sit
868 2930 1058 2995 Pesionis
1092 2946 1217 2997 testa·

118 3046 147 3085 m
158 3047 173 3084 e
183 3046 202 3084 n
211 3035 251 3084 tu
260 3024 312 3084 m‘t
342 3034 374 3084 et
389 3025 432 3084 sic
446 3023 633 3083 scribendum
646 3023 820 3095 censuisset,
835 3025 1083 3101 quemadmodum
1098 3029 1127 3088 in
1141 3030 1218 3109 prin·

117 3118 432 3200 cipioprovocationis,
447 3118 611 3177 omnino
631 3117 779 3176 affirmo
797 3136 869 3196 ego
888 3121 1116 3198 exemplum
1132 3142 1217 3183 esse

117 3211 360 3273 testamenti
377 3211 597 3292 ejus,quod
618 3210 806 3271 Phormio
828 3212 980 3271 asserit
1000 3212 1217 3276 Pasionem

117 3307 362 3384 reliquisse,
385 3304 679 3377 non,Pasionis.
725 3303 1218 3378 Hocenimsuittestari‚essete·

116 3406 305 3469 stamentum,
319 3398 398 3475 quod
417 3397 478 3456 istis
492 3397 547 3456 fuit
560 3398 752 3478 propositum,
766 3397 840 3456 illud
853 3398 895 3456 sic
910 3398 1051 3460 affirmare
1066 3400 1218 3462 Phormio·

115 3509 202 3549 nem:
231 3490 389 3570 plurimum
416 3500 512 3548 autern
538 3491 659 3550 interest
682 3499 713 3551 et
739 3509 828 3549 esse
848 3491 1023 3568 aliquid,
1046 3503 1079 3552 et
1105 3493 1218 3555 illum

117 3581 285 3642 dixisse.
328 3583 370 3641 Ut
388 3593 487 3642 autem
500 3583 610 3654 sciatis,
625 3592 752 3662 quantas
766 3591 796 3641 et
810 3601 900 3661 quam
914 3584 1022 3644 multas
1037 3584 1077 3645 ad
1090 3606 1138 3648 res
1150 3607 1217 3669 per·

116 3675 236 3736 tinuerit
248 3673 384 3734 confictio
398 3676 576 3749 testamenti,
590 3676 691 3755 paucis
706 3675 878 3735 auscultate.

157 3773 187 3827 8.
209 3767 338 3825 Primum
359 3767 387 3825 id
410 3786 446 3826 eo
467 3768 640 3847 pertinebat,
655 3767 860 3838 Athenienses,
882 3778 916 3827 ut
936 3788 996 3827 non
1016 3791 1120 3850 poenas
1133 3772 1218 3835 daret

114 3870 262 3941 corruptae
277 3860 352 3940 ejus,
365 3879 453 3938 quam
467 3880 522 3921 nec
537 3882 582 3921 me
597 3862 693 3921 dicere
707 3860 793 3919 decet
815 3871 846 3920 et
865 3880 927 3933 vos,
944 3866 1060 3924 tametsi
1081 3885 1139 3945 ego
1158 3886 1217 3927 non

115 3956 230 4025 dixero,
246 3954 345 4014 scitis:
365 3953 483 4026 deinde,
497 3964 531 4013 ut
546 3955 691 4015 obtineret
705 3974 768 4014 eam
782 3955 948 4033 pecuniam,
964 3976 1033 4034 quae
1052 3960 1130 4038 patri
1152 3978 1217 4020 meo

116 4049 197 4129 apud
211 4058 333 4108 matrem
346 4067 440 4106 meam
453 4048 565 4106 fueret:
586 4057 743 4127 postremo,
757 4057 789 4107 vt
802 4048 920 4127 reliquis
935 4050 1042 4109 nostris
1055 4052 1143 4112 bonis
1156 4073 1217 4113 om·

114 4144 202 4202 nibus
217 4143 368 4224 potiretur.
409 4141 508 4219 Atque
521 4140 588 4199 haec
608 4141 650 4200 ita
673 4160 705 4200 se
725 4140 842 4213 habere,
857 4141 946 4201 etiam
960 4143 1025 4221 ipso
1039 4154 1217 4207 testamento

114 4236 216 4295 audito
229 4233 424 4314 cognoscetis.
445 4233 605 4313 Apparebit
623 4233 699 4292 enim
713 4254 773 4293 non
787 4234 889 4313 patris,
904 4255 955 4313 pro
969 4235 1036 4294 tiliis
1052 4238 1216 4311 scribentis,

114 4325 211 4384 simile
230 4336 415 4401 testamento,
441 4327 492 4386 sed
514 4328 588 4385 servi
611 4329 786 4406 corruptoris
810 4327 942 4387 herilium
962 4327 1149 4404 facultatum,
1173 4330 1216 4391 id·

105 4434 168 4493 que
184 4425 219 4477 ut
237 4438 277 4478 ne
291 4439 395 4498 poenas
410 4421 460 4482 det
474 4418 688 4501 prospicientis.
737 4422 843 4482 Recita
855 4440 924 4481 vero
937 4420 980 4481 eis
994 4431 1214 4495 testamentum,
