2662 4792
109 274 168 331 658
332 267 377 327 lN
399 265 605 327 EVERGUM
620 266 671 327 ET
691 262 976 325 MNESIBULUM.

108 421 323 491 continebatur,
337 430 365 477 te
378 418 492 479 tradere
507 416 659 477 mulierem
672 416 808 477 voluisse.
857 415 925 474 Jam
935 429 1053 473 causato
1069 420 1200 482 acturus,

107 530 268 591 usquamne
290 510 438 571 mulierem
459 509 644 569 introduxisti
663 509 693 569 in
712 505 901 588 praetoriuml
936 504 1026 582 Atqui
1050 504 1205 583 oportebat

108 626 186 678 eum,
201 606 224 665 si
237 596 307 664 iera
319 614 428 671 essent,
442 623 508 681 quae
520 623 586 661 eum
596 602 739 663 obtulisse
753 602 865 673 dicunt,
886 599 915 659 in
931 599 1082 657 sortitione
1096 594 1204 675 judici·

110 720 202 770 orum,
216 698 346 757 adducta
365 696 494 768 muliere,
508 696 692 774 adhibitoque
708 715 852 774 praecone,
863 695 968 773 jubere
983 712 1029 750 rne
1044 693 1068 751 si
1084 690 1205 769 quaesti·

109 810 196 851 onem
208 791 314 849 habere
328 791 365 849 de
380 810 415 848 ea
428 789 540 859 vellem,
555 800 584 848 et
597 789 615 846 J
619 788 720 849 udices
735 788 930 866 ingredientes
944 793 1035 844 testes
1048 784 1159 855 facere,
1172 800 1205 843 se

110 903 174 943 eam
189 883 262 942 velle
277 882 408 942 tradere:
431 902 510 941 nunc
535 882 604 941 fuco
626 881 721 942 verbis
743 882 831 950 facto,
846 880 925 939 falsis
944 877 1118 937 testimoniis
1137 896 1206 957 pro·

110 976 219 1045 ductis,
234 995 271 1033 ne
285 994 364 1034 nunc
377 974 494 1053 quidem
510 974 598 1033 audet
610 974 726 1033 tradere
740 973 902 1043 mulierem,
914 988 1116 1050 saepenumero
1128 988 1147 1027 a
1160 987 1206 1029 me

111 1076 287 1146 provocatus
301 1077 332 1127 et
348 1066 524 1146 postulatus,
541 1077 571 1124 ut
592 1067 675 1127 vobis
697 1077 788 1127 testes
811 1066 861 1145 qui
882 1066 1039 1125 interfuere
1060 1063 1207 1124 dixerunt.

112 1159 219 1219 Recita
232 1158 302 1217 mihi
317 1158 414 1218 denuo
430 1159 603 1217 testimonia.

526 1376 791 1436 TESTIMONIA.

153 1518 183 1575 7.
206 1517 355 1577 Enarrabo
370 1527 467 1578 autern
481 1517 574 1591 vobis,
587 1504 719 1587 ludices,
734 1515 814 1575 unde
827 1514 896 1573 mihi
915 1515 1118 1575 controversia
1140 1536 1206 1577 curu

113 1607 302 1689 Theophemo
316 1611 354 1671 sit
366 1621 438 1681 orta,
453 1620 486 1669 ut
498 1610 596 1670 sciatis
608 1630 667 1668 non
681 1628 727 1667 me
741 1608 836 1669 solum
849 1607 947 1686 iniquo
958 1628 1009 1686 per
1020 1626 1089 1666 eum
1097 1608 1209 1687 judicic

113 1700 352 1774 circumventum,
373 1703 503 1783 deceptis
523 1703 682 1781 judicibus,
706 1702 760 1761 sed
780 1710 810 1761 et
832 1711 964 1761 senatum
982 1701 1210 1780 quingentorum

113 1792 216 1853 eadem
240 1795 385 1854 sententia
404 1814 469 1855 esse
490 1795 736 1863 condemnatum
759 1802 846 1872 atque
865 1795 1066 1852 auctoritatem
1079 1805 1209 1874 ereptam

109 1883 228 1965 judiciis
242 1886 346 1945 vestris
360 1896 390 1945 et
404 1885 529 1945 decretis
543 1897 573 1947 et
591 1886 716 1964 legibus,
730 1905 764 1945 ac
778 1886 993 1964 magistratibus
1004 1887 1111 1963 vestris
1119 1888 1208 1959 ¹iidem

114 1996 180 2037 esse
194 1977 363 2056 abrogatam
379 1989 409 2037 et
422 1978 513 2037 literis
529 1979 558 2037 in
570 1980 644 2058 pilas
657 1978 762 2038 relatis.
806 1978 872 2046 Quo
888 1988 985 2039 autern
997 1989 1097 2057 pacto,
1111 1980 1144 2041 id
1153 1990 1209 2059 ego

115 2090 169 2131 ros
184 2071 352 2151 singulatim
366 2073 507 2133 edocebo.
531 2073 604 2131 Mihi
618 2093 683 2133 cum
694 2072 883 2152 Theophemo
894 2073 963 2131 dom
976 2072 1033 2131 vixi
1047 2074 1128 2152 prius
1134 2072 1205 2137 nibil

112 2186 241 2245 unquam
255 2167 421 2226 commercii
434 2167 498 2237 fuit,
514 2167 596 2226 nulla
615 2168 829 2233 commessatio,
842 2167 938 2224 nullus
953 2185 1045 2237 amor,
1060 2177 1112 2227 aut
1131 2187 1210 2227 com-

112 2258 234 2337 potatio,
248 2269 293 2330 ut,
307 2259 353 2319 vel
367 2259 470 2341 injuria
484 2260 582 2339 aliqua
595 2260 721 2319 irritatus
731 2259 937 2338 relvoluptate
950 2258 1048 2336 aliqua
1057 2259 1210 2339 impulsus,

112 2350 175 2430 ejus
189 2350 268 2411 oedes
283 2351 468 2411 invaderem:
491 2353 545 2412 sed
565 2354 690 2412 decretis
704 2354 817 2423 vestris,
838 2351 956 2430 populo,
971 2362 1075 2411 senatu
1093 2362 1125 2412 et
1146 2353 1210 2431 lege

113 2443 330 2514 mandantibus,
346 2444 428 2522 exegi
436 2447 482 2503 ‘ab
497 2464 532 2503 eo
545 2445 660 2504 navalia
672 2445 873 2515 instrumenta,
889 2465 955 2523 quae
970 2444 1141 2522 reipublicae
1160 2445 1211 2504 da·

113 2535 211 2592 bebat.
255 2536 450 2600 Quamobrem
476 2546 572 2594 autern
587 2537 617 2595 id
630 2538 739 2595 factum
753 2537 800 2607 sit,
815 2556 871 2614 ego
885 2536 967 2593 vobis
982 2539 1117 2595 narrabo.
1153 2537 1209 2595 Ac·

114 2624 196 2695 cidit,
209 2635 240 2683 ut
254 2625 384 2682 triremes
409 2625 478 2684 hinc
499 2627 656 2697 solverent,
671 2627 834 2705 auxiliaque
856 2628 985 2687 celeriter
1006 2628 1189 2687 mitterentur
1199 2648 1208 2696 ;

114 2726 294 2774 armamenta
307 2727 405 2773 autem
420 2716 449 2773 in
470 2716 567 2774 navali
587 2719 725 2776 deessent
738 2720 869 2791 navibus,
884 2739 977 2797 eaque
991 2739 1058 2777 curn
1072 2720 1212 2780 haberent

113 2805 132 2865 ii
148 2807 198 2885 qui
213 2807 362 2865 debebant
380 2827 439 2865 non
453 2808 627 2868 redderent:
650 2809 766 2868 adhaec
787 2831 841 2869 nec
864 2813 893 2868 in
914 2811 1025 2870 Piraeeo
1041 2822 1105 2871 erat
1127 2814 1212 2893 copia

112 2899 279 2972 linteorum,
294 2894 409 2980 s'tuppae
433 2912 462 2959 et
480 2901 647 2975 rudentum,
670 2904 774 2981 quibus
792 2907 877 2963 rebus
900 2904 982 2963 navis
1002 2906 1165 2977 instruitur,
1178 2917 1211 2964 ut

113 2995 171 3054 emi
196 3003 325 3072 possent.
368 2994 577 3053 Chaeredemus
598 2995 686 3073 igitur
707 2996 765 3055 hoc
793 2999 1081 3057 senatusconsultum
1103 2999 1212 3072 scribit,

112 3096 147 3146 ut
165 3096 346 3148 armamenta
364 3088 480 3146 navium
499 3089 682 3166 exigerentur
693 3100 722 3149 et
736 3088 901 3149 sartatecta
912 3090 1104 3152 redderentur
1117 3093 1214 3172 reipu-

113 3179 210 3241 blicae.
253 3179 356 3241 Recita
370 3180 438 3239 mihi
452 3180 612 3242 decretum.

544 3422 783 3481 DECRETUM.

115 3561 182 3620 Hoc
200 3561 351 3622 decretum
365 3562 553 3642 magistratus
569 3566 668 3644 jussit,
689 3576 718 3627 et
737 3586 787 3625 eos
808 3567 859 3643 qui
880 3586 950 3627 vasa
971 3568 1141 3648 reipublicae
1161 3570 1216 3631 de·

113 3655 217 3713 berent
241 3652 386 3711 navalium
408 3657 592 3717 curatoribus
614 3659 754 3718 tradidit:
776 3658 923 3717 navalium
947 3673 1109 3733 curatores,
1130 3662 1214 3723 trire-

113 3746 205 3805 mium
219 3745 373 3824 praefectis‚
388 3745 421 3804 iis
441 3749 491 3825 qui
511 3758 572 3806 turn
587 3751 692 3809 abituri
707 3759 798 3821 erant,
813 3760 842 3808 et
865 3752 1048 3811 curatoribus
1063 3754 1214 3813 classium.

115 3841 176 3899 Lex
190 3859 259 3899 vero
279 3838 427 3897 Periandri
443 3843 567 3918 cogebat
581 3853 612 3901 et
620 3843 741 3921 jubebat
760 3862 814 3902 nos
829 3863 877 3902 eos
893 3845 942 3922 qui
962 3857 1146 3906 armamenta
1160 3848 1214 3906 de·

112 3935 215 3994 berent
238 3933 376 4011 recipere,
389 3953 448 4010 qun
470 3934 535 4013 lege
553 3936 662 3996 classes
684 3937 845 4015 designatae
865 3949 957 3997 erant.
1001 3940 1053 3998 Ad
1065 3941 1141 4014 haec,
1155 3942 1214 4002 alio

113 4028 266 4107 plebiscito
289 4029 467 4105 cogebamur
484 4048 537 4106 pro
558 4050 612 4088 sua
633 4031 755 4108 quisque
772 4032 938 4109 portiones
958 4033 1081 4110 singulis
1096 4054 1133 4094 ea
1146 4054 1214 4113 quae

113 4120 255 4181 deberent
277 4119 402 4198 exigere.
444 4118 559 4178 Accidit
580 4130 724 4181 autemut
747 4142 801 4200 ego
823 4132 853 4182 et
866 4124 1041 4184 trierarchus
1062 4135 1094 4185 et
1108 4127 1214 4188 classis

114 4224 230 4273 curator
250 4234 366 4281 cssem;
397 4221 427 4272 et
448 4212 648 4273 Demochares
668 4215 847 4275 Poeanicnsis
871 4218 901 4281 in
930 4237 995 4277 mea
1019 4218 1116 4279 classe
1144 4238 1211 4280 curn

114 4304 312 4385 Theophemo,
327 4308 411 4387 cujus
435 4307 463 4365 in
487 4306 654 4367 trierarchia
668 4308 782 4387 collega
797 4309 901 4385 fuerat,
917 4322 1097 4370 armamenta
1115 4313 1214 4392 reipu-

113 4394 200 4457 blicae
212 4399 344 4462 deberet.
365 4402 446 4473 Quos
458 4410 598 4481 utrosque
612 4422 678 4463 cum
692 4402 722 4463 in
736 4402 797 4482 pila
810 4403 967 4486 inscriptos
982 4414 1015 4464 ut
1028 4405 1143 4485 reipub.
1158 4408 1211 4467 ob·

373 4680 389 4707 f.
