2708 4786
485 271 653 335 cousus
674 270 874 333 sennan.
914 249 917 255 ’
1162 267 1222 327 ras

128 421 311 499 percussisse
322 427 483 503 mulierem,
493 448 553 509 quo
562 428 628 493 ictu
640 427 691 491 illa
703 426 837 509 perierit:
850 436 881 487 et
887 425 1038 486 advocatis
1049 432 1138 503 atque
1152 422 1221 487 sub-

130 518 241 578 ornatis
263 517 429 584 hominibus
452 525 552 598 servis,
567 525 617 605 qui
640 544 672 585 se
686 524 847 607 Cyrenaeos
859 541 924 583 esse
937 520 1075 589 dicerent.
1090 520 1180 581 cadis
1195 521 1223 580 ei

129 606 208 669 diem
222 611 295 672 dixit
308 615 389 693 apud
400 616 577 690 Palladium,
586 636 765 694 causamque
777 616 838 695 egit
851 614 1026 692 Stephanus,
1033 613 1223 692 jurejurando

127 697 211 775 dato,
225 705 368 766 occidisse
390 709 450 768 suis
463 710 598 773 manibus
616 707 829 790 Apollodorum
850 726 915 766 eam
929 704 1088 775 mulierem,
1103 705 1223 765 exitium

125 792 305 875 imprecatus
319 800 419 873 sibi,et
431 802 542 881 generi,
553 813 585 865 et
596 802 724 877 samnia,
735 811 822 880 atque
831 799 869 859 cb
879 817 944 857 eam
957 816 1019 856 rem
1032 796 1101 856 diris
1115 808 1224 858 semet·

126 887 225 967 ipsum
238 888 362 967 devovit,
375 910 444 973 quae
457 915 554 975 neque
566 899 648 958 facta
664 896 730 968 fuit,
744 912 840 974 neque
858 889 922 952 risa
943 891 982 949 ab
1003 909 1049 961 eo,
1068 908 1164 968 neque
1186 910 1224 963 err

126 978 189 1039 ullo
201 984 366 1044 mortalium
381 986 483 1047 audita
494 1007 635 1069 unquam.
670 989 989 1069 Deprehensusaatem
1000 984 1072 1045 etin
1084 984 1223 1064 perjurm,

127 1081 159 1133 et
170 1073 247 1136 falso
258 1078 380 1139 crimine
390 1079 543 1155 intentato,
557 1102 626 1143 cum
635 1081 864 1161 etiamliqueret,
877 1095 945 1136 eum
956 1096 976 1136 a
985 1076 1225 1157 Cephisophonte

125 1174 159 1224 et
177 1167 383 1251 Apollophane
405 1174 542 1234 mercede
559 1194 624 1236 esse
646 1174 837 1244 conductum,
850 1180 884 1231 ut
900 1180 952 1229 aut
973 1169 1090 1250 ejiceret
1102 1170 1225 1249 Apollo·

127 1254 241 1334 dorum,
255 1269 307 1321 aut
318 1262 479 1326 honoribus
492 1266 630 1346 privaret,
644 1276 767 1346 accepto
780 1270 913 1345 argento,
926 1280 1023 1340 pauca
1036 1260 1175 1343 suffragia
1187 1263 1225 1322 de

125 1350 293 1432 quingentis
305 1367 494 1430 consecutus,
508 1359 579 1419 abiit
592 1359 735 1439 perjurus,
750 1368 839 1438 atque
852 1354 1045 1435 improbitatis
1059 1354 1225 1434 opinionem

124 1441 283 1505 lucrifecit.

148 1584 152 1589 .
166 1539 197 1596 4.
220 1536 359 1616 Cogitate
373 1538 461 1621 igitur
473 1542 539 1623 ipsi,
553 1542 685 1615 Judices,
696 1554 727 1604 et
740 1542 820 1623 apud
830 1550 943 1603 vestros
956 1539 1068 1601 animos
1082 1548 1225 1621 reputate,
1256 1540 1259 1545 ’

124 1647 187 1710 ¹quo
203 1627 235 1689 iu
255 1630 323 1691 loco
335 1648 382 1697 res
396 1651 478 1693 meas
491 1635 605 1695 futuras
619 1636 711 1705 luisse
723 1634 904 1697 credendum
918 1629 967 1703 sit,
981 1633 1006 1693 si
1019 1632 1091 1714 quid
1104 1632 1227 1713 Apollo·

86 1802 89 1807 .
122 1722 199 1784 doro
221 1742 322 1784 eorum
344 1723 424 1786 luere
447 1727 698 1808 cecidissetque
717 1728 885 1808 Stephanus
905 1726 937 1786 in
955 1744 1023 1787 eum
1041 1727 1226 1799 instruxerat,

123 1816 229 1876 sivein
242 1817 347 1896 priore,
361 1817 420 1878 sive
433 1817 464 1877 in
476 1820 636 1897 posteriore
644 1820 768 1897 judicio.
800 1819 888 1889 Quod
900 1819 931 1878 in
944 1819 1087 1890 dedecus,
1100 1837 1226 1897 quamve

123 1908 156 1969 in
168 1910 367 1970 calamitatem
382 1929 442 1970 non
455 1909 648 1973 incidissem?
668 1914 745 1973 Cum
758 1933 805 1973 me
821 1913 910 1993 igitur
922 1911 1111 1972 hortarentur
1123 1930 1226 1972 omnes

124 2004 371 2084 seorsim‚‚meque
382 2005 582 2076 convenirent,
593 2008 628 2073 at
641 2007 680 2067 ad
696 2007 836 2068 ultionem
846 2005 1017 2086 injuriarum
1030 2006 1095 2082 ejus
1105 2024 1227 2067 conver-

123 2104 300 2171 latetmouet
313 2106 347 2157 ut
360 2096 506 2158 hominem
527 2099 658 2159 omnium
678 2100 899 2179 ignavissimum
918 2099 1109 2169 incesserent,
1123 2098 1149 2157 si
1164 2106 1227 2157 tam

122 2196 205 2249 arcta
223 2208 290 2253 cum
311 2190 358 2251 his
376 2191 593 2258 necessitudine
613 2192 916 2272 conjunctus,.poenas
929 2210 990 2251 non
1003 2188 1153 2267 exigerem
1174 2210 1227 2269 pro

123 2298 233 2353 sorore,
245 2292 277 2343 et
289 2282 437 2354 affinibus,
450 2290 481 2342 et
493 2283 639 2361 neptibus,
652 2295 683 2345 et
699 2304 792 2347 uxore
805 2304 881 2354 mea,
892 2302 987 2363 neque
1000 2282 1100 2362 polam
1111 2282 1143 2341 in
1154 2282 1226 2343 deos
1326 2352 1329 2363 ,

123 2373 253 2454 impiam,
273 2384 306 2437 et
333 2375 364 2435 iu
388 2374 536 2437 civitatem
559 2376 809 2448 contumeliosam,
824 2387 855 2437 et
867 2376 967 2456 legum
985 2374 1226 2455 contemptricem

122 2476 296 2539 sesmarum,
318 2466 358 2528 ad
380 2485 434 2529 vos
469 2468 640 2542 adductam,
661 2470 725 2551 ejus
748 2469 908 2533 sceleribus
929 2467 1097 2547 patefactis,
1121 2477 1227 2529 vestre

121 2560 263 2641 potestati
276 2558 459 2639 subjicerem,
469 2570 503 2622 ut
515 2573 614 2622 vestro
626 2554 769 2625 arbitratu
780 2563 817 2623 de
828 2580 864 2623 ea
874 2559 1061 2621 statueretis:
1080 2567 1112 2619 et
1123 2579 1226 2639 quem·

121 2652 284 2716 admodum
296 2671 344 2713 me
358 2652 528 2733 Stephanus
547 2654 621 2714 meis
634 2655 809 2721 necessariis
823 2664 927 2716 contra
948 2653 1031 2733 leges
1057 2660 1089 2713 et
1107 2651 1226 2714 decreta

121 2744 269 2825 spoliarit,
284 2746 327 2807 sic
344 2757 376 2807 et
387 2765 446 2827 ego
458 2747 538 2827 apud
551 2766 605 2808 vos
618 2750 817 2820 ostenderem,
830 2747 921 2809 istum
931 2747 962 2807 iu
975 2745 1160 2815 matrimonio
1172 2743 1226 2805 ha·

121 2839 192 2901 berc
217 2838 402 2919 peregrinam
424 2839 587 2912 mulierem,
603 2852 708 2902 contra
730 2842 846 2922 legem:
868 2851 899 2901 et
917 2837 1097 2917 alienigenas
1119 2837 1226 2899 liberos

120 2938 186 2993 tum
197 2931 238 2993 ad
250 2931 381 3005 tribules,
395 2941 458 2993 tum
471 2932 510 2994 ad
523 2933 679 3013 populares
698 2934 862 2995 adducere:
884 2940 916 2992 et
926 2932 1109 3010 despondere
1129 2948 1225 2989 mere·

120 3024 227 3087 tricum
253 3023 329 3085 filias
357 3042 412 3104 pro
440 3025 518 3085 suis:
547 3035 578 3085 et
604 3025 696 3087 sacris
721 3026 845 3088 deorum
863 3022 1071 3083 immortalium
1094 3021 1224 3101 pollutis,

120 3116 224 3197 populi
236 3116 443 3177 auctoritatem
456 3116 572 3189 tollere,
587 3119 611 3177 si
625 3138 712 3198 quem
727 3119 823 3179 iacere
836 3115 908 3177 velit
926 3114 1031 3175 civem.
1058 3114 1133 3183 Quis
1145 3114 1224 3175 enim

120 3210 247 3291 posthac
272 3210 399 3272 civitatis
417 3210 617 3289 adipiscendae
639 3210 777 3290 cupidus,
800 3228 819 3269 a
840 3207 951 3289 populo
971 3206 1148 3276 beneficium
1166 3203 1225 3266 boc

122 3303 240 3383 magnis
262 3303 428 3383 sumptibus
449 3321 627 3382 magnoque.
639 3304 758 3383 negotio
779 3299 993 3381 impetrandum
1011 3305 1224 3370 censeatcum

120 3395 202 3457 idern
214 3417 234 3457 a
250 3395 404 3477 Stephano
417 3405 448 3457 et
460 3394 580 3457 minoris
593 3415 700 3470 emere,
713 3405 747 3457 et
762 3393 930 3457 conditione
948 3392 1036 3455 liceat
1050 3390 1142 3453 nihilo
1157 3410 1225 3453 esse

122 3486 294 3551 damnares-

163 3584 194 3645 6.
215 3583 332 3649 Quibus
353 3600 410 3662 ego
433 3581 523 3660 igitur
539 3580 652 3660 injuriis
671 3581 750 3661 prior
764 3598 783 3641 a
796 3578 948 3659 Stephano
967 3575 1136 3650 lacessitus,
1151 3574 1225 3635 acti-

123 3692 210 3737 ooem
233 3674 375 3736 adsersus
390 3694 458 3736 eum
479 3675 558 3735 hanc
580 3673 766 3746 instituerim,
779 3673 862 3735 vobis
875 3671 1017 3752 exposui:
1038 3668 1224 3749 peregrinam

123 3777 304 3829 autemeam
329 3768 477 3843 Neaeram,
498 3777 529 3828 et
549 3767 691 3847 Stephani
714 3785 779 3827 esse
803 3776 924 3827 matrem
945 3763 1081 3835 familias,
1094 3770 1126 3821 et
1142 3779 1224 3839 sape

122 3860 208 3942 leges
230 3871 261 3922 et
277 3860 411 3923 iustitma
430 3860 555 3923 civitatis
576 3860 712 3930 violasse,
738 3859 815 3921 haec.
827 3859 910 3921 vobis
928 3863 992 3935 jam
1014 3852 1225 3935 cognoscenda

124 3964 205 4017 sunt.
246 3955 322 4015 Peto
335 3953 424 4034 igitur
435 3973 455 4015 a
466 3956 560 4028 vobis,
573 3954 591 4013 J
594 3952 707 4026 udices,
720 3972 788 4033 qma
801 3953 863 4033 peti
875 3970 990 4031 equum
1004 3958 1061 4020 est,
1077 3957 1112 4008 ut
1123 3964 1182 4019 me,
1194 3955 1226 4004 et

126 4047 356 4122 adolescentem,
368 4057 400 4107 et
412 4046 531 4107 dicendi
541 4047 716 4127 imperitum,
729 4057 885 4127 patronam
898 4044 967 4106 huic
977 4060 1076 4103 causae
1085 4037 1225 4099 adhihere

120 4141 251 4217 jubeatis
264 4139 487 4221 Apollodorum.
518 4140 597 4200 Nam
611 4149 642 4199 et
653 4149 724 4201 natu
738 4141 831 4221 major
844 4150 890 4201 est
901 4156 990 4218 quam
1002 4152 1071 4212 ego,
1084 4141 1115 4199 et
1123 4130 1223 4208 lesum

125 4234 253 4315 peritior,
266 4244 297 4294 et
321 4254 340 4293 a
361 4232 512 4314 Stephano
530 4232 630 4305 laesus,
652 4242 682 4293 et
694 4251 832 4313 magnum
845 4232 892 4292 his
910 4231 997 4291 rebus
1017 4223 1224 4285 omnihmstu·

127 4325 209 4387 dium
223 4325 376 4407 impendit.
417 4326 518 4395 Quare
542 4344 600 4386 nec
622 4326 798 4387 invidiosum
819 4326 846 4386 ei
866 4335 921 4395 est,
936 4340 1003 4383 eum
1015 4316 1120 4379 ulcisci
1133 4335 1152 4375 a
1164 4333 1225 4395 quo

127 4419 167 4481 sit
190 4418 344 4485 lacessitus
360 4440 369 4481 ι
387 4439 440 4482 sos
462 4428 560 4480 autern
573 4418 660 4480 decet
671 4419 736 4505 ipsa
748 4416 871 4481 veritate
881 4436 920 4479 es
930 4410 1125 4479 accusaturus
1134 4417 1171 4469 et
1177 4408 1233 4467 he·

664 4520 683 4580 5
695 4540 713 4581 r
