<?xml version="1.0" encoding="UTF-8"?>
<!DOCTYPE html PUBLIC "-//W3C//DTD XHTML 1.0 Transitional//EN"
    "http://www.w3.org/TR/xhtml1/DTD/xhtml1-transitional.dtd">
<html xmlns="http://www.w3.org/1999/xhtml" xml:lang="en" lang="en">
 <head>
  <title>
</title>
<meta http-equiv="Content-Type" content="text/html;charset=utf-8" />
  <meta name='ocr-system' content='tesseract 3.04.00' />
  <meta name='ocr-capabilities' content='ocr_page ocr_carea ocr_par ocr_line ocrx_word'/>
</head>
<body>
  <div class='ocr_page' id='page_1' title='image "./demosthenisetsc00amergoog_0199.png"; bbox 0 0 2662 4792; ppageno 0'>
   <div class='ocr_carea' id='block_1_1' title="bbox 124 556 1218 807">
    <p class='ocr_par' dir='ltr' id='par_1_1' title="bbox 124 556 1218 807">
     <span class='ocr_line' id='line_1_1' title="bbox 124 556 1218 621; baseline -0.002 0"><span class='ocrx_word' id='word_1_1' title='bbox 124 556 423 621; x_wconf 82' lang='lat' dir='ltr'><strong>ARGUMENTUM</strong></span> <span class='ocrx_word' id='word_1_2' title='bbox 440 558 665 621; x_wconf 82' lang='lat' dir='ltr'>ORATIONIS</span> <span class='ocrx_word' id='word_1_3' title='bbox 680 558 897 620; x_wconf 84' lang='lat' dir='ltr'>ADVERSUS</span> <span class='ocrx_word' id='word_1_4' title='bbox 916 557 1139 621; x_wconf 76' lang='lat' dir='ltr'>POLYCLEM</span> <span class='ocrx_word' id='word_1_5' title='bbox 1163 557 1218 619; x_wconf 78' lang='grc' dir='ltr'><strong>ΒΕ</strong></span> 
     </span>
     <span class='ocr_line' id='line_1_2' title="bbox 213 650 1127 713; baseline 0.002 -4"><span class='ocrx_word' id='word_1_6' title='bbox 213 650 446 713; x_wconf 85' lang='lat' dir='ltr'><strong>SUMP&#39;llBUS</strong></span> <span class='ocrx_word' id='word_1_7' title='bbox 468 653 607 712; x_wconf 89' lang='lat' dir='ltr'><strong>FlNlTO</strong></span> <span class='ocrx_word' id='word_1_8' title='bbox 628 652 804 713; x_wconf 86' lang='lat' dir='ltr'>NAVALIS</span> <span class='ocrx_word' id='word_1_9' title='bbox 825 651 1127 713; x_wconf 82' lang='lat' dir='ltr'><strong>PRAEFECTURAE</strong></span> 
     </span>
     <span class='ocr_line' id='line_1_3' title="bbox 482 745 857 807; baseline 0.008 -3"><span class='ocrx_word' id='word_1_10' title='bbox 482 745 682 805; x_wconf 86' lang='lat' dir='ltr'>TEMPORE</span> <span class='ocrx_word' id='word_1_11' title='bbox 703 745 857 807; x_wconf 86' lang='lat' dir='ltr'><strong>FACTIS.</strong></span> 
     </span>
    </p>
   </div>
   <div class='ocr_carea' id='block_1_2' title="bbox 121 922 1219 1362">
    <p class='ocr_par' dir='ltr' id='par_1_2' title="bbox 121 922 1219 1362">
     <span class='ocr_line' id='line_1_4' title="bbox 153 922 1218 989; baseline 0.001 -17"><span class='ocrx_word' id='word_1_12' title='bbox 153 922 350 975; x_wconf 79' lang='lat' dir='ltr'><strong>Arounouoaus</strong></span> <span class='ocrx_word' id='word_1_13' title='bbox 360 925 469 975; x_wconf 81' lang='lat' dir='ltr'><strong>l’ssiouis</strong></span> <span class='ocrx_word' id='word_1_14' title='bbox 479 927 551 984; x_wconf 82' lang='lat' dir='ltr'><strong>filius,</strong></span> <span class='ocrx_word' id='word_1_15' title='bbox 558 926 782 989; x_wconf 82' lang='lat' dir='ltr'><strong>cuminpraesectum</strong></span> <span class='ocrx_word' id='word_1_16' title='bbox 790 925 868 975; x_wconf 84' lang='lat' dir='ltr'><strong>nuvsli</strong></span> <span class='ocrx_word' id='word_1_17' title='bbox 878 925 1014 988; x_wconf 77' lang='lat' dir='ltr'><strong>praefinitum</strong></span> <span class='ocrx_word' id='word_1_18' title='bbox 1024 930 1118 987; x_wconf 85' lang='lat' dir='ltr'><strong>ternpus</strong></span> <span class='ocrx_word' id='word_1_19' title='bbox 1127 930 1218 973; x_wconf 71' lang='lat' dir='ltr'><strong>:ussus</strong></span> 
     </span>
     <span class='ocr_line' id='line_1_5' title="bbox 123 1001 1217 1066; baseline 0 -18"><span class='ocrx_word' id='word_1_20' title='bbox 123 1003 281 1063; x_wconf 81' lang='lat' dir='ltr'><strong>praeclareque</strong></span> <span class='ocrx_word' id='word_1_21' title='bbox 300 1019 326 1051; x_wconf 83' lang='lat' dir='ltr'><strong>ss</strong></span> <span class='ocrx_word' id='word_1_22' title='bbox 342 1004 504 1063; x_wconf 66' lang='lat' dir='ltr'><strong>geminetis</strong></span> <span class='ocrx_word' id='word_1_23' title='bbox 520 1005 601 1052; x_wconf 83' lang='lat' dir='ltr'><strong>eadem</strong></span> <span class='ocrx_word' id='word_1_24' title='bbox 621 1004 667 1051; x_wconf 83' lang='lat' dir='ltr'><strong>ulio</strong></span> <span class='ocrx_word' id='word_1_25' title='bbox 685 1020 729 1051; x_wconf 89' lang='lat' dir='ltr'><strong>nou</strong></span> <span class='ocrx_word' id='word_1_26' title='bbox 745 1019 818 1065; x_wconf 82' lang='lat' dir='ltr'><strong>parve</strong></span> <span class='ocrx_word' id='word_1_27' title='bbox 836 1009 941 1066; x_wconf 84' lang='lat' dir='ltr'><strong>ternpore</strong></span> <span class='ocrx_word' id='word_1_28' title='bbox 959 1001 1071 1065; x_wconf 73' lang='lat' dir='ltr'>perstitit,</span> <span class='ocrx_word' id='word_1_29' title='bbox 1082 1014 1217 1049; x_wconf 68' lang='lat' dir='ltr'><strong>summere</strong></span> 
     </span>
     <span class='ocr_line' id='line_1_6' title="bbox 122 1081 1217 1145; baseline -0.003 -17"><span class='ocrx_word' id='word_1_30' title='bbox 122 1081 221 1143; x_wconf 79' lang='lat' dir='ltr'><strong>Polyole</strong></span> <span class='ocrx_word' id='word_1_31' title='bbox 236 1097 280 1128; x_wconf 90' lang='lat' dir='ltr'><strong>nou</strong></span> <span class='ocrx_word' id='word_1_32' title='bbox 293 1083 369 1129; x_wconf 87' lang='lat' dir='ltr'><strong>statim</strong></span> <span class='ocrx_word' id='word_1_33' title='bbox 390 1084 419 1130; x_wconf 82' lang='lat' dir='ltr'><strong>ud</strong></span> <span class='ocrx_word' id='word_1_34' title='bbox 437 1099 519 1131; x_wconf 84' lang='lat' dir='ltr'><strong>narem</strong></span> <span class='ocrx_word' id='word_1_35' title='bbox 536 1084 650 1145; x_wconf 87' lang='lat' dir='ltr'><strong>prolecto.</strong></span> <span class='ocrx_word' id='word_1_36' title='bbox 683 1082 731 1139; x_wconf 85' lang='lat' dir='ltr'><strong>Qui</strong></span> <span class='ocrx_word' id='word_1_37' title='bbox 749 1089 872 1145; x_wconf 83' lang='lat' dir='ltr'><strong>postquam</strong></span> <span class='ocrx_word' id='word_1_38' title='bbox 888 1089 992 1137; x_wconf 82' lang='lat' dir='ltr'><strong>venerat,</strong></span> <span class='ocrx_word' id='word_1_39' title='bbox 1002 1095 1055 1127; x_wconf 86' lang='lat' dir='ltr'><strong>cnm</strong></span> <span class='ocrx_word' id='word_1_40' title='bbox 1073 1093 1158 1127; x_wconf 80' lang='lat' dir='ltr'><strong>narem</strong></span> <span class='ocrx_word' id='word_1_41' title='bbox 1171 1092 1217 1125; x_wconf 81' lang='lat' dir='ltr'><strong>nou</strong></span> 
     </span>
     <span class='ocr_line' id='line_1_7' title="bbox 122 1154 1219 1220; baseline -0.002 -16"><span class='ocrx_word' id='word_1_42' title='bbox 122 1159 200 1205; x_wconf 81' lang='lat' dir='ltr'><strong>statim</strong></span> <span class='ocrx_word' id='word_1_43' title='bbox 211 1158 362 1220; x_wconf 73' lang='lat' dir='ltr'><strong>suscepisset,</strong></span> <span class='ocrx_word' id='word_1_44' title='bbox 374 1160 416 1206; x_wconf 86' lang='lat' dir='ltr'><strong>sed</strong></span> <span class='ocrx_word' id='word_1_45' title='bbox 427 1159 558 1207; x_wconf 76' lang='lat' dir='ltr'><strong>simulasset</strong></span> <span class='ocrx_word' id='word_1_46' title='bbox 569 1175 595 1206; x_wconf 85' lang='lat' dir='ltr'><strong>se</strong></span> <span class='ocrx_word' id='word_1_47' title='bbox 611 1159 723 1220; x_wconf 77' lang='lat' dir='ltr'><strong>collegam</strong></span> <span class='ocrx_word' id='word_1_48' title='bbox 739 1175 805 1206; x_wconf 90' lang='lat' dir='ltr'><strong>suum</strong></span> <span class='ocrx_word' id='word_1_49' title='bbox 817 1158 921 1206; x_wconf 78' lang='lat' dir='ltr'><strong>navalem</strong></span> <span class='ocrx_word' id='word_1_50' title='bbox 938 1164 1088 1220; x_wconf 71' lang='lat' dir='ltr'><strong>exspectare,</strong></span> <span class='ocrx_word' id='word_1_51' title='bbox 1098 1163 1169 1217; x_wconf 66' lang='lat' dir='ltr'><strong>atqu</strong></span> <span class='ocrx_word' id='word_1_52' title='bbox 1182 1154 1219 1202; x_wconf 84' lang='lat' dir='ltr'><strong>iu·</strong></span> 
     </span>
     <span class='ocr_line' id='line_1_8' title="bbox 121 1231 1218 1300; baseline -0.004 -17"><span class='ocrx_word' id='word_1_53' title='bbox 121 1237 189 1284; x_wconf 82' lang='lat' dir='ltr'><strong>terim</strong></span> <span class='ocrx_word' id='word_1_54' title='bbox 200 1236 358 1300; x_wconf 82' lang='lat' dir='ltr'><strong>Apollodorus</strong></span> <span class='ocrx_word' id='word_1_55' title='bbox 374 1237 428 1286; x_wconf 83' lang='lat' dir='ltr'><strong>nuri</strong></span> <span class='ocrx_word' id='word_1_56' title='bbox 443 1237 585 1299; x_wconf 83' lang='lat' dir='ltr'><strong>praeluisset,</strong></span> <span class='ocrx_word' id='word_1_57' title='bbox 602 1244 709 1298; x_wconf 86' lang='lat' dir='ltr'><strong>sumptus</strong></span> <span class='ocrx_word' id='word_1_58' title='bbox 727 1252 756 1284; x_wconf 89' lang='lat' dir='ltr'><strong>ec</strong></span> <span class='ocrx_word' id='word_1_59' title='bbox 772 1243 876 1299; x_wconf 87' lang='lat' dir='ltr'><strong>tempore</strong></span> <span class='ocrx_word' id='word_1_60' title='bbox 887 1251 902 1283; x_wconf 84' lang='lat' dir='ltr'><strong>a</strong></span> <span class='ocrx_word' id='word_1_61' title='bbox 912 1251 936 1284; x_wconf 81' lang='lat' dir='ltr'><strong>re</strong></span> <span class='ocrx_word' id='word_1_62' title='bbox 947 1237 1021 1284; x_wconf 77' lang='lat' dir='ltr'><strong>laotos</strong></span> <span class='ocrx_word' id='word_1_63' title='bbox 1032 1249 1046 1280; x_wconf 84' lang='lat' dir='ltr'><strong>u</strong></span> <span class='ocrx_word' id='word_1_64' title='bbox 1059 1231 1158 1296; x_wconf 72' lang='lat' dir='ltr'><strong>Pulysls</strong></span> <span class='ocrx_word' id='word_1_65' title='bbox 1175 1246 1218 1293; x_wconf 88' lang='lat' dir='ltr'><strong>pu·</strong></span> 
     </span>
     <span class='ocr_line' id='line_1_9' title="bbox 122 1314 200 1362; baseline 0 -2"><span class='ocrx_word' id='word_1_66' title='bbox 122 1314 200 1362; x_wconf 74' lang='lat' dir='ltr'><strong>stultit.</strong></span> 
     </span>
    </p>
   </div>
   <div class='ocr_carea' id='block_1_3' title="bbox 471 1536 867 1550">
    <p class='ocr_par' dir='ltr' id='par_1_3' title="bbox 471 1536 867 1550">
     <span class='ocr_line' id='line_1_10' title="bbox 471 1536 867 1550; baseline -0.003 -2"><span class='ocrx_word' id='word_1_67' title='bbox 471 1536 867 1550; x_wconf 46' lang='grc' dir='ltr'><strong>μὴ</strong></span> 
     </span>
    </p>
   </div>
   <div class='ocr_carea' id='block_1_4' title="bbox 395 1766 944 1849">
    <p class='ocr_par' dir='ltr' id='par_1_4' title="bbox 395 1766 944 1849">
     <span class='ocr_line' id='line_1_11' title="bbox 395 1766 944 1849; baseline -0.004 0"><span class='ocrx_word' id='word_1_68' title='bbox 395 1766 944 1849; x_wconf 85' lang='lat' dir='ltr'>DEMOSTHENIS</span> 
     </span>
    </p>
   </div>
   <div class='ocr_carea' id='block_1_5' title="bbox 292 2003 1022 2080">
    <p class='ocr_par' dir='ltr' id='par_1_5' title="bbox 292 2003 1022 2080">
     <span class='ocr_line' id='line_1_12' title="bbox 292 2003 1022 2080; baseline 0.001 -3"><span class='ocrx_word' id='word_1_69' title='bbox 292 2003 625 2077; x_wconf 87' lang='lat' dir='ltr'>ADVERSUS</span> <span class='ocrx_word' id='word_1_70' title='bbox 673 2003 1022 2080; x_wconf 87' lang='lat' dir='ltr'>POLYCLEM</span> 
     </span>
    </p>
   </div>
   <div class='ocr_carea' id='block_1_6' title="bbox 143 2227 1196 2394">
    <p class='ocr_par' dir='ltr' id='par_1_6' title="bbox 143 2227 1196 2394">
     <span class='ocr_line' id='line_1_13' title="bbox 143 2227 1196 2296; baseline 0.004 -4"><span class='ocrx_word' id='word_1_71' title='bbox 143 2227 329 2294; x_wconf 85' lang='lat' dir='ltr'><strong>ORATIO</strong></span> <span class='ocrx_word' id='word_1_72' title='bbox 360 2228 425 2293; x_wconf 91' lang='lat' dir='ltr'><strong>DE</strong></span> <span class='ocrx_word' id='word_1_73' title='bbox 458 2227 738 2293; x_wconf 85' lang='lat' dir='ltr'>SUMPTIBUS</span> <span class='ocrx_word' id='word_1_74' title='bbox 770 2227 938 2292; x_wconf 88' lang='lat' dir='ltr'>FINITO</span> <span class='ocrx_word' id='word_1_75' title='bbox 980 2227 1196 2296; x_wconf 85' lang='lat' dir='ltr'><strong>NAVALIS</strong></span> 
     </span>
     <span class='ocr_line' id='line_1_14' title="bbox 253 2325 1073 2394; baseline 0.002 -2"><span class='ocrx_word' id='word_1_76' title='bbox 253 2327 603 2392; x_wconf 86' lang='lat' dir='ltr'><strong>PRAEFEGTURAE</strong></span> <span class='ocrx_word' id='word_1_77' title='bbox 625 2325 863 2392; x_wconf 81' lang='lat' dir='ltr'>TEMPORE</span> <span class='ocrx_word' id='word_1_78' title='bbox 890 2326 1073 2394; x_wconf 85' lang='lat' dir='ltr'><strong>FACTIS.</strong></span> 
     </span>
    </p>
   </div>
   <div class='ocr_carea' id='block_1_7' title="bbox 112 2496 1217 4340">
    <p class='ocr_par' dir='ltr' id='par_1_7' title="bbox 112 2496 1217 4340">
     <span class='ocr_line' id='line_1_15' title="bbox 162 2496 1216 2577; baseline 0.007 -21"><span class='ocrx_word' id='word_1_79' title='bbox 162 2501 189 2556; x_wconf 92' lang='lat' dir='ltr'><strong>l.</strong></span> <span class='ocrx_word' id='word_1_80' title='bbox 211 2500 346 2558; x_wconf 74' lang='lat' dir='ltr'><strong>Timum</strong></span> <span class='ocrx_word' id='word_1_81' title='bbox 367 2499 639 2567; x_wconf 88' lang='lat' dir='ltr'><strong>controversiarum,</strong></span> <span class='ocrx_word' id='word_1_82' title='bbox 657 2496 790 2569; x_wconf 81' lang='lat' dir='ltr'><strong>ludices,</strong></span> <span class='ocrx_word' id='word_1_83' title='bbox 806 2518 855 2558; x_wconf 92' lang='lat' dir='ltr'><strong>eos</strong></span> <span class='ocrx_word' id='word_1_84' title='bbox 875 2499 962 2558; x_wconf 88' lang='lat' dir='ltr'><strong>etiam</strong></span> <span class='ocrx_word' id='word_1_85' title='bbox 978 2500 1029 2577; x_wconf 92' lang='lat' dir='ltr'><strong>qui</strong></span> <span class='ocrx_word' id='word_1_86' title='bbox 1048 2511 1216 2563; x_wconf 86' lang='lat' dir='ltr'><strong>coutrover-</strong></span> 
     </span>
     <span class='ocr_line' id='line_1_16' title="bbox 119 2591 1217 2675; baseline 0.005 -25"><span class='ocrx_word' id='word_1_87' title='bbox 119 2592 191 2650; x_wconf 87' lang='lat' dir='ltr'><strong>siam</strong></span> <span class='ocrx_word' id='word_1_88' title='bbox 211 2592 355 2669; x_wconf 86' lang='lat' dir='ltr'><strong>cognituri</strong></span> <span class='ocrx_word' id='word_1_89' title='bbox 377 2602 446 2650; x_wconf 91' lang='lat' dir='ltr'><strong>sunt</strong></span> <span class='ocrx_word' id='word_1_90' title='bbox 468 2592 515 2651; x_wconf 91' lang='lat' dir='ltr'><strong>vel</strong></span> <span class='ocrx_word' id='word_1_91' title='bbox 530 2591 558 2648; x_wconf 92' lang='lat' dir='ltr'><strong>in</strong></span> <span class='ocrx_word' id='word_1_92' title='bbox 573 2591 671 2670; x_wconf 90' lang='lat' dir='ltr'><strong>primis</strong></span> <span class='ocrx_word' id='word_1_93' title='bbox 685 2591 826 2649; x_wconf 88' lang='lat' dir='ltr'><strong>rationem</strong></span> <span class='ocrx_word' id='word_1_94' title='bbox 845 2592 953 2651; x_wconf 89' lang='lat' dir='ltr'><strong>habere</strong></span> <span class='ocrx_word' id='word_1_95' title='bbox 974 2594 1069 2652; x_wconf 90' lang='lat' dir='ltr'><strong>decet.</strong></span> <span class='ocrx_word' id='word_1_96' title='bbox 1112 2596 1217 2675; x_wconf 81' lang='lat' dir='ltr'><strong>Neque</strong></span> 
     </span>
     <span class='ocr_line' id='line_1_17' title="bbox 118 2683 1215 2764; baseline 0.004 -20"><span class='ocrx_word' id='word_1_97' title='bbox 118 2686 196 2744; x_wconf 88' lang='lat' dir='ltr'><strong>enirn</strong></span> <span class='ocrx_word' id='word_1_98' title='bbox 209 2704 275 2744; x_wconf 86' lang='lat' dir='ltr'><strong>mea</strong></span> <span class='ocrx_word' id='word_1_99' title='bbox 289 2695 319 2743; x_wconf 89' lang='lat' dir='ltr'><strong>et</strong></span> <span class='ocrx_word' id='word_1_100' title='bbox 333 2685 462 2764; x_wconf 90' lang='lat' dir='ltr'><strong>Polyclis</strong></span> <span class='ocrx_word' id='word_1_101' title='bbox 476 2685 589 2762; x_wconf 87' lang='lat' dir='ltr'><strong>privata</strong></span> <span class='ocrx_word' id='word_1_102' title='bbox 602 2684 745 2741; x_wconf 84' lang='lat' dir='ltr'><strong>duntaxat</strong></span> <span class='ocrx_word' id='word_1_103' title='bbox 758 2683 822 2741; x_wconf 87' lang='lat' dir='ltr'><strong>haec</strong></span> <span class='ocrx_word' id='word_1_104' title='bbox 838 2703 928 2743; x_wconf 88' lang='lat' dir='ltr'><strong>causa</strong></span> <span class='ocrx_word' id='word_1_105' title='bbox 943 2695 1000 2757; x_wconf 89' lang='lat' dir='ltr'><strong>est,</strong></span> <span class='ocrx_word' id='word_1_106' title='bbox 1022 2688 1119 2747; x_wconf 87' lang='lat' dir='ltr'><strong>sedet</strong></span> <span class='ocrx_word' id='word_1_107' title='bbox 1138 2709 1215 2750; x_wconf 92' lang='lat' dir='ltr'><strong>com-</strong></span> 
     </span>
     <span class='ocr_line' id='line_1_18' title="bbox 119 2774 1214 2854; baseline 0.005 -20"><span class='ocrx_word' id='word_1_108' title='bbox 119 2777 213 2836; x_wconf 90' lang='lat' dir='ltr'><strong>munis</strong></span> <span class='ocrx_word' id='word_1_109' title='bbox 233 2777 369 2837; x_wconf 89' lang='lat' dir='ltr'><strong>civitatis.</strong></span> <span class='ocrx_word' id='word_1_110' title='bbox 413 2777 545 2845; x_wconf 84' lang='lat' dir='ltr'><strong>Quarum</strong></span> <span class='ocrx_word' id='word_1_111' title='bbox 560 2774 636 2834; x_wconf 89' lang='lat' dir='ltr'><strong>enim</strong></span> <span class='ocrx_word' id='word_1_112' title='bbox 650 2794 744 2833; x_wconf 87' lang='lat' dir='ltr'><strong>rerum</strong></span> <span class='ocrx_word' id='word_1_113' title='bbox 756 2788 789 2833; x_wconf 92' lang='lat' dir='ltr'><strong>ut</strong></span> <span class='ocrx_word' id='word_1_114' title='bbox 801 2775 921 2854; x_wconf 84' lang='lat' dir='ltr'><strong>privatae</strong></span> <span class='ocrx_word' id='word_1_115' title='bbox 935 2788 1002 2835; x_wconf 89' lang='lat' dir='ltr'><strong>sunt</strong></span> <span class='ocrx_word' id='word_1_116' title='bbox 1017 2779 1161 2852; x_wconf 83' lang='lat' dir='ltr'><strong>actiones,</strong></span> <span class='ocrx_word' id='word_1_117' title='bbox 1175 2782 1214 2841; x_wconf 88' lang='lat' dir='ltr'><strong>sic</strong></span> 
     </span>
     <span class='ocr_line' id='line_1_19' title="bbox 118 2867 1215 2952; baseline 0.003 -23"><span class='ocrx_word' id='word_1_118' title='bbox 118 2870 226 2930; x_wconf 88' lang='lat' dir='ltr'><strong>damna</strong></span> <span class='ocrx_word' id='word_1_119' title='bbox 239 2870 369 2950; x_wconf 89' lang='lat' dir='ltr'><strong>publica,</strong></span> <span class='ocrx_word' id='word_1_120' title='bbox 380 2889 428 2929; x_wconf 87' lang='lat' dir='ltr'><strong>eas</strong></span> <span class='ocrx_word' id='word_1_121' title='bbox 443 2889 541 2929; x_wconf 90' lang='lat' dir='ltr'><strong>nonne</strong></span> <span class='ocrx_word' id='word_1_122' title='bbox 550 2867 686 2927; x_wconf 90' lang='lat' dir='ltr'><strong>convenit</strong></span> <span class='ocrx_word' id='word_1_123' title='bbox 693 2868 812 2927; x_wconf 85' lang='lat' dir='ltr'><strong>&#39;auditas</strong></span> <span class='ocrx_word' id='word_1_124' title='bbox 827 2889 844 2926; x_wconf 91' lang='lat' dir='ltr'><strong>a</strong></span> <span class='ocrx_word' id='word_1_125' title='bbox 858 2870 941 2928; x_wconf 86' lang='lat' dir='ltr'><strong>vobis</strong></span> <span class='ocrx_word' id='word_1_126' title='bbox 953 2880 1033 2930; x_wconf 89' lang='lat' dir='ltr'><strong>recte</strong></span> <span class='ocrx_word' id='word_1_127' title='bbox 1045 2873 1215 2952; x_wconf 76' lang='lat' dir='ltr'><strong>dijudicari?</strong></span> 
     </span>
     <span class='ocr_line' id='line_1_20' title="bbox 119 2959 1215 3046; baseline 0.005 -26"><span class='ocrx_word' id='word_1_128' title='bbox 119 2963 195 3022; x_wconf 90' lang='lat' dir='ltr'><strong>Nam</strong></span> <span class='ocrx_word' id='word_1_129' title='bbox 211 2964 235 3024; x_wconf 93' lang='lat' dir='ltr'><strong>si</strong></span> <span class='ocrx_word' id='word_1_130' title='bbox 248 2973 366 3044; x_wconf 89' lang='lat' dir='ltr'><strong>propter</strong></span> <span class='ocrx_word' id='word_1_131' title='bbox 381 2961 591 3021; x_wconf 86' lang='lat' dir='ltr'><strong>dissensionem</strong></span> <span class='ocrx_word' id='word_1_132' title='bbox 606 2960 644 3018; x_wconf 90' lang='lat' dir='ltr'><strong>de</strong></span> <span class='ocrx_word' id='word_1_133' title='bbox 664 2959 800 3038; x_wconf 91' lang='lat' dir='ltr'><strong>quopiam</strong></span> <span class='ocrx_word' id='word_1_134' title='bbox 819 2960 875 3020; x_wconf 92' lang='lat' dir='ltr'><strong>alio</strong></span> <span class='ocrx_word' id='word_1_135' title='bbox 897 2973 1049 3022; x_wconf 90' lang='lat' dir='ltr'><strong>contractu</strong></span> <span class='ocrx_word' id='word_1_136' title='bbox 1064 2965 1215 3046; x_wconf 87' lang='lat' dir='ltr'><strong>Polyclcm</strong></span> 
     </span>
     <span class='ocr_line' id='line_1_21' title="bbox 117 3053 1214 3136; baseline 0.006 -25"><span class='ocrx_word' id='word_1_137' title='bbox 117 3053 147 3112; x_wconf 91' lang='lat' dir='ltr'><strong>in</strong></span> <span class='ocrx_word' id='word_1_138' title='bbox 169 3065 296 3115; x_wconf 89' lang='lat' dir='ltr'><strong>vestrum</strong></span> <span class='ocrx_word' id='word_1_139' title='bbox 315 3054 460 3135; x_wconf 88' lang='lat' dir='ltr'><strong>judicium</strong></span> <span class='ocrx_word' id='word_1_140' title='bbox 483 3053 677 3120; x_wconf 84' lang='lat' dir='ltr'><strong>adduxissem,</strong></span> <span class='ocrx_word' id='word_1_141' title='bbox 700 3070 768 3110; x_wconf 90' lang='lat' dir='ltr'><strong>mea</strong></span> <span class='ocrx_word' id='word_1_142' title='bbox 791 3071 836 3111; x_wconf 90' lang='lat' dir='ltr'><strong>res</strong></span> <span class='ocrx_word' id='word_1_143' title='bbox 860 3063 891 3111; x_wconf 90' lang='lat' dir='ltr'><strong>et</strong></span> <span class='ocrx_word' id='word_1_144' title='bbox 912 3053 1039 3134; x_wconf 89' lang='lat' dir='ltr'><strong>Polyclis</strong></span> <span class='ocrx_word' id='word_1_145' title='bbox 1064 3070 1214 3136; x_wconf 82' lang='lat' dir='ltr'><strong>ageretur:</strong></span> 
     </span>
     <span class='ocr_line' id='line_1_22' title="bbox 117 3143 1214 3231; baseline 0.005 -25"><span class='ocrx_word' id='word_1_146' title='bbox 117 3167 198 3207; x_wconf 91' lang='lat' dir='ltr'><strong>nuuc</strong></span> <span class='ocrx_word' id='word_1_147' title='bbox 212 3148 249 3207; x_wconf 89' lang='lat' dir='ltr'><strong>de</strong></span> <span class='ocrx_word' id='word_1_148' title='bbox 263 3148 359 3207; x_wconf 87' lang='lat' dir='ltr'><strong>navali</strong></span> <span class='ocrx_word' id='word_1_149' title='bbox 373 3147 558 3207; x_wconf 85' lang='lat' dir='ltr'><strong>successione</strong></span> <span class='ocrx_word' id='word_1_150' title='bbox 571 3146 659 3205; x_wconf 89' lang='lat' dir='ltr'><strong>verba</strong></span> <span class='ocrx_word' id='word_1_151' title='bbox 670 3143 745 3202; x_wconf 86' lang='lat' dir='ltr'><strong>fiunt</strong></span> <span class='ocrx_word' id='word_1_152' title='bbox 759 3154 789 3203; x_wconf 89' lang='lat' dir='ltr'><strong>et</strong></span> <span class='ocrx_word' id='word_1_153' title='bbox 803 3145 967 3225; x_wconf 88' lang='lat' dir='ltr'><strong>sumptibus</strong></span> <span class='ocrx_word' id='word_1_154' title='bbox 979 3149 1075 3227; x_wconf 88' lang='lat' dir='ltr'><strong>spatio</strong></span> <span class='ocrx_word' id='word_1_155' title='bbox 1086 3153 1214 3231; x_wconf 92' lang='lat' dir='ltr'><strong>quinque</strong></span> 
     </span>
     <span class='ocr_line' id='line_1_23' title="bbox 116 3239 1215 3325; baseline 0.008 -27"><span class='ocrx_word' id='word_1_156' title='bbox 116 3243 259 3300; x_wconf 91' lang='lat' dir='ltr'><strong>mensium</strong></span> <span class='ocrx_word' id='word_1_157' title='bbox 270 3251 299 3301; x_wconf 89' lang='lat' dir='ltr'><strong>et</strong></span> <span class='ocrx_word' id='word_1_158' title='bbox 313 3262 365 3317; x_wconf 83' lang='lat' dir='ltr'><strong>sex</strong></span> <span class='ocrx_word' id='word_1_159' title='bbox 378 3240 489 3299; x_wconf 89' lang='lat' dir='ltr'><strong>dierum</strong></span> <span class='ocrx_word' id='word_1_160' title='bbox 504 3240 585 3298; x_wconf 88' lang='lat' dir='ltr'><strong>finito</strong></span> <span class='ocrx_word' id='word_1_161' title='bbox 601 3239 782 3318; x_wconf 84' lang='lat' dir='ltr'><strong>praefecturae</strong></span> <span class='ocrx_word' id='word_1_162' title='bbox 797 3249 927 3320; x_wconf 89' lang='lat' dir='ltr'><strong>ternpore</strong></span> <span class='ocrx_word' id='word_1_163' title='bbox 937 3242 1033 3314; x_wconf 69' lang='lat' dir='ltr'><strong>lactis</strong></span> <span class='ocrx_word' id='word_1_164' title='bbox 1047 3254 1079 3303; x_wconf 91' lang='lat' dir='ltr'><strong>et</strong></span> <span class='ocrx_word' id='word_1_165' title='bbox 1092 3246 1131 3306; x_wconf 94' lang='lat' dir='ltr'><strong>de</strong></span> <span class='ocrx_word' id='word_1_166' title='bbox 1147 3247 1215 3325; x_wconf 86' lang='lat' dir='ltr'><strong>legi·</strong></span> 
     </span>
     <span class='ocr_line' id='line_1_24' title="bbox 116 3332 1214 3405; baseline 0.007 -14"><span class='ocrx_word' id='word_1_167' title='bbox 116 3334 181 3405; x_wconf 90' lang='lat' dir='ltr'><strong>bus,</strong></span> <span class='ocrx_word' id='word_1_168' title='bbox 195 3346 292 3393; x_wconf 91' lang='lat' dir='ltr'><strong>utrum</strong></span> <span class='ocrx_word' id='word_1_169' title='bbox 312 3355 355 3394; x_wconf 87' lang='lat' dir='ltr'><strong>eae</strong></span> <span class='ocrx_word' id='word_1_170' title='bbox 376 3343 447 3392; x_wconf 86' lang='lat' dir='ltr'><strong>ratae</strong></span> <span class='ocrx_word' id='word_1_171' title='bbox 472 3334 530 3391; x_wconf 88' lang='lat' dir='ltr'><strong>sint</strong></span> <span class='ocrx_word' id='word_1_172' title='bbox 549 3353 603 3391; x_wconf 89' lang='lat' dir='ltr'><strong>nec</strong></span> <span class='ocrx_word' id='word_1_173' title='bbox 624 3352 671 3390; x_wconf 89' lang='lat' dir='ltr'><strong>ne.</strong></span> <span class='ocrx_word' id='word_1_174' title='bbox 713 3332 920 3392; x_wconf 90' lang='lat' dir='ltr'><strong>Necessarium</strong></span> <span class='ocrx_word' id='word_1_175' title='bbox 942 3346 1041 3394; x_wconf 89' lang='lat' dir='ltr'><strong>autem</strong></span> <span class='ocrx_word' id='word_1_176' title='bbox 1063 3338 1132 3397; x_wconf 93' lang='lat' dir='ltr'><strong>mihi</strong></span> <span class='ocrx_word' id='word_1_177' title='bbox 1151 3359 1214 3400; x_wconf 88' lang='lat' dir='ltr'><strong>esse</strong></span> 
     </span>
     <span class='ocr_line' id='line_1_25' title="bbox 114 3424 1214 3506; baseline 0.006 -23"><span class='ocrx_word' id='word_1_178' title='bbox 114 3424 229 3484; x_wconf 86' lang='lat' dir='ltr'><strong>videtur</strong></span> <span class='ocrx_word' id='word_1_179' title='bbox 243 3427 279 3483; x_wconf 88' lang='lat' dir='ltr'><strong>ab</strong></span> <span class='ocrx_word' id='word_1_180' title='bbox 294 3425 375 3483; x_wconf 92' lang='lat' dir='ltr'><strong>initio</strong></span> <span class='ocrx_word' id='word_1_181' title='bbox 386 3445 446 3483; x_wconf 90' lang='lat' dir='ltr'><strong>rem</strong></span> <span class='ocrx_word' id='word_1_182' title='bbox 456 3443 572 3484; x_wconf 87' lang='lat' dir='ltr'><strong>omnem</strong></span> <span class='ocrx_word' id='word_1_183' title='bbox 583 3425 660 3503; x_wconf 88' lang='lat' dir='ltr'><strong>apud</strong></span> <span class='ocrx_word' id='word_1_184' title='bbox 668 3444 721 3483; x_wconf 88' lang='lat' dir='ltr'><strong>vos</strong></span> <span class='ocrx_word' id='word_1_185' title='bbox 732 3444 894 3504; x_wconf 88' lang='lat' dir='ltr'><strong>exponere:</strong></span> <span class='ocrx_word' id='word_1_186' title='bbox 917 3447 1007 3504; x_wconf 87' lang='lat' dir='ltr'><strong>quare</strong></span> <span class='ocrx_word' id='word_1_187' title='bbox 1019 3449 1072 3506; x_wconf 90' lang='lat' dir='ltr'><strong>per</strong></span> <span class='ocrx_word' id='word_1_188' title='bbox 1082 3429 1154 3491; x_wconf 89' lang='lat' dir='ltr'><strong>deos</strong></span> <span class='ocrx_word' id='word_1_189' title='bbox 1166 3451 1214 3492; x_wconf 85' lang='lat' dir='ltr'><strong>vos</strong></span> 
     </span>
     <span class='ocr_line' id='line_1_26' title="bbox 116 3517 1214 3597; baseline 0.007 -21"><span class='ocrx_word' id='word_1_190' title='bbox 116 3537 178 3589; x_wconf 90' lang='lat' dir='ltr'><strong>oro,</strong></span> <span class='ocrx_word' id='word_1_191' title='bbox 204 3517 336 3590; x_wconf 81' lang='lat' dir='ltr'><strong>ludices,</strong></span> <span class='ocrx_word' id='word_1_192' title='bbox 350 3537 388 3575; x_wconf 90' lang='lat' dir='ltr'><strong>ne</strong></span> <span class='ocrx_word' id='word_1_193' title='bbox 413 3537 459 3576; x_wconf 88' lang='lat' dir='ltr'><strong>me</strong></span> <span class='ocrx_word' id='word_1_194' title='bbox 478 3517 587 3596; x_wconf 89' lang='lat' dir='ltr'><strong>putetis</strong></span> <span class='ocrx_word' id='word_1_195' title='bbox 607 3537 700 3596; x_wconf 81' lang='lat' dir='ltr'><strong>nugas</strong></span> <span class='ocrx_word' id='word_1_196' title='bbox 725 3538 822 3595; x_wconf 87' lang='lat' dir='ltr'><strong>agere,</strong></span> <span class='ocrx_word' id='word_1_197' title='bbox 846 3519 869 3576; x_wconf 92' lang='lat' dir='ltr'><strong>si</strong></span> <span class='ocrx_word' id='word_1_198' title='bbox 893 3519 1033 3597; x_wconf 83' lang='lat' dir='ltr'><strong>prolixius</strong></span> <span class='ocrx_word' id='word_1_199' title='bbox 1059 3542 1214 3584; x_wconf 87' lang='lat' dir='ltr'><strong>narravero</strong></span> 
     </span>
     <span class='ocr_line' id='line_1_27' title="bbox 116 3611 1214 3693; baseline 0.007 -23"><span class='ocrx_word' id='word_1_200' title='bbox 116 3621 249 3693; x_wconf 89' lang='lat' dir='ltr'><strong>sumptus</strong></span> <span class='ocrx_word' id='word_1_201' title='bbox 264 3622 293 3669; x_wconf 87' lang='lat' dir='ltr'><strong>et</strong></span> <span class='ocrx_word' id='word_1_202' title='bbox 312 3620 389 3686; x_wconf 87' lang='lat' dir='ltr'><strong>acta,</strong></span> <span class='ocrx_word' id='word_1_203' title='bbox 406 3631 493 3688; x_wconf 89' lang='lat' dir='ltr'><strong>quarn</strong></span> <span class='ocrx_word' id='word_1_204' title='bbox 508 3621 539 3670; x_wconf 93' lang='lat' dir='ltr'><strong>et</strong></span> <span class='ocrx_word' id='word_1_205' title='bbox 552 3612 724 3690; x_wconf 86' lang='lat' dir='ltr'><strong>tempestive</strong></span> <span class='ocrx_word' id='word_1_206' title='bbox 739 3611 854 3689; x_wconf 84' lang='lat' dir='ltr'><strong>singula</strong></span> <span class='ocrx_word' id='word_1_207' title='bbox 868 3623 898 3671; x_wconf 90' lang='lat' dir='ltr'><strong>et</strong></span> <span class='ocrx_word' id='word_1_208' title='bbox 911 3614 1021 3692; x_wconf 90' lang='lat' dir='ltr'><strong>reipub.</strong></span> <span class='ocrx_word' id='word_1_209' title='bbox 1036 3615 1150 3677; x_wconf 88' lang='lat' dir='ltr'><strong>utiliter</strong></span> <span class='ocrx_word' id='word_1_210' title='bbox 1163 3619 1214 3677; x_wconf 86' lang='lat' dir='ltr'><strong>ad·</strong></span> 
     </span>
     <span class='ocr_line' id='line_1_28' title="bbox 114 3703 1214 3789; baseline 0.005 -25"><span class='ocrx_word' id='word_1_211' title='bbox 114 3706 278 3765; x_wconf 87' lang='lat' dir='ltr'><strong>ministrata</strong></span> <span class='ocrx_word' id='word_1_212' title='bbox 293 3704 360 3762; x_wconf 87' lang='lat' dir='ltr'><strong>sint.</strong></span> <span class='ocrx_word' id='word_1_213' title='bbox 403 3703 491 3771; x_wconf 83' lang='lat' dir='ltr'><strong>Quod</strong></span> <span class='ocrx_word' id='word_1_214' title='bbox 510 3703 533 3762; x_wconf 90' lang='lat' dir='ltr'><strong>si</strong></span> <span class='ocrx_word' id='word_1_215' title='bbox 546 3704 611 3781; x_wconf 92' lang='lat' dir='ltr'><strong>quis</strong></span> <span class='ocrx_word' id='word_1_216' title='bbox 623 3703 737 3761; x_wconf 90' lang='lat' dir='ltr'><strong>mentiri</strong></span> <span class='ocrx_word' id='word_1_217' title='bbox 752 3723 797 3762; x_wconf 89' lang='lat' dir='ltr'><strong>me</strong></span> <span class='ocrx_word' id='word_1_218' title='bbox 809 3714 906 3783; x_wconf 89' lang='lat' dir='ltr'><strong>potest</strong></span> <span class='ocrx_word' id='word_1_219' title='bbox 921 3707 1089 3780; x_wconf 87' lang='lat' dir='ltr'><strong>ostendere,</strong></span> <span class='ocrx_word' id='word_1_220' title='bbox 1104 3722 1214 3789; x_wconf 82' lang='lat' dir='ltr'><strong>surgat,</strong></span> 
     </span>
     <span class='ocr_line' id='line_1_29' title="bbox 114 3794 1214 3881; baseline 0.004 -24"><span class='ocrx_word' id='word_1_221' title='bbox 114 3808 201 3877; x_wconf 87' lang='lat' dir='ltr'><strong>atque</strong></span> <span class='ocrx_word' id='word_1_222' title='bbox 214 3799 244 3856; x_wconf 92' lang='lat' dir='ltr'><strong>in</strong></span> <span class='ocrx_word' id='word_1_223' title='bbox 258 3816 323 3856; x_wconf 87' lang='lat' dir='ltr'><strong>mea</strong></span> <span class='ocrx_word' id='word_1_224' title='bbox 337 3794 417 3873; x_wconf 86' lang='lat' dir='ltr'><strong>aqua&#39;</strong></span> <span class='ocrx_word' id='word_1_225' title='bbox 425 3805 575 3872; x_wconf 81' lang='lat' dir='ltr'><strong>coarguat,</strong></span> <span class='ocrx_word' id='word_1_226' title='bbox 586 3794 726 3873; x_wconf 89' lang='lat' dir='ltr'><strong>quicquid</strong></span> <span class='ocrx_word' id='word_1_227' title='bbox 740 3815 786 3854; x_wconf 87' lang='lat' dir='ltr'><strong>me</strong></span> <span class='ocrx_word' id='word_1_228' title='bbox 797 3795 874 3855; x_wconf 86' lang='lat' dir='ltr'><strong>falso</strong></span> <span class='ocrx_word' id='word_1_229' title='bbox 889 3797 968 3876; x_wconf 86' lang='lat' dir='ltr'><strong>apud</strong></span> <span class='ocrx_word' id='word_1_230' title='bbox 979 3818 1030 3857; x_wconf 91' lang='lat' dir='ltr'><strong>vos</strong></span> <span class='ocrx_word' id='word_1_231' title='bbox 1048 3800 1148 3861; x_wconf 88' lang='lat' dir='ltr'><strong>dicere</strong></span> <span class='ocrx_word' id='word_1_232' title='bbox 1161 3821 1214 3881; x_wconf 92' lang='lat' dir='ltr'><strong>pu·</strong></span> 
     </span>
     <span class='ocr_line' id='line_1_30' title="bbox 113 3887 1213 3973; baseline 0.004 -22"><span class='ocrx_word' id='word_1_233' title='bbox 113 3893 192 3952; x_wconf 81' lang='lat' dir='ltr'><strong>terit.</strong></span> <span class='ocrx_word' id='word_1_234' title='bbox 216 3891 268 3950; x_wconf 88' lang='lat' dir='ltr'><strong>Sin</strong></span> <span class='ocrx_word' id='word_1_235' title='bbox 281 3910 349 3950; x_wconf 88' lang='lat' dir='ltr'><strong>vera</strong></span> <span class='ocrx_word' id='word_1_236' title='bbox 362 3897 457 3958; x_wconf 87' lang='lat' dir='ltr'><strong>erunt,</strong></span> <span class='ocrx_word' id='word_1_237' title='bbox 470 3896 500 3945; x_wconf 88' lang='lat' dir='ltr'><strong>et</strong></span> <span class='ocrx_word' id='word_1_238' title='bbox 513 3906 598 3946; x_wconf 90' lang='lat' dir='ltr'><strong>nemo</strong></span> <span class='ocrx_word' id='word_1_239' title='bbox 612 3887 681 3946; x_wconf 89' lang='lat' dir='ltr'><strong>mihi</strong></span> <span class='ocrx_word' id='word_1_240' title='bbox 695 3887 749 3945; x_wconf 91' lang='lat' dir='ltr'><strong>nisi</strong></span> <span class='ocrx_word' id='word_1_241' title='bbox 763 3888 817 3946; x_wconf 90' lang='lat' dir='ltr'><strong>iste</strong></span> <span class='ocrx_word' id='word_1_242' title='bbox 830 3889 1021 3963; x_wconf 85' lang='lat' dir='ltr'><strong>contradicet,</strong></span> <span class='ocrx_word' id='word_1_243' title='bbox 1032 3911 1094 3950; x_wconf 89' lang='lat' dir='ltr'><strong>rem</strong></span> <span class='ocrx_word' id='word_1_244' title='bbox 1100 3894 1213 3973; x_wconf 86' lang='lat' dir='ltr'><strong>justam</strong></span> 
     </span>
     <span class='ocr_line' id='line_1_31' title="bbox 113 3979 1213 4062; baseline 0.005 -20"><span class='ocrx_word' id='word_1_245' title='bbox 113 3995 184 4062; x_wconf 89' lang='lat' dir='ltr'><strong>peto</strong></span> <span class='ocrx_word' id='word_1_246' title='bbox 199 4005 217 4045; x_wconf 90' lang='lat' dir='ltr'><strong>a</strong></span> <span class='ocrx_word' id='word_1_247' title='bbox 232 3983 315 4044; x_wconf 91' lang='lat' dir='ltr'><strong>vobis</strong></span> <span class='ocrx_word' id='word_1_248' title='bbox 330 3980 463 4041; x_wconf 90' lang='lat' dir='ltr'><strong>omnibus</strong></span> <span class='ocrx_word' id='word_1_249' title='bbox 481 3979 646 4058; x_wconf 89' lang='lat' dir='ltr'><strong>quicunque</strong></span> <span class='ocrx_word' id='word_1_250' title='bbox 661 3979 806 4038; x_wconf 90' lang='lat' dir='ltr'><strong>militastis</strong></span> <span class='ocrx_word' id='word_1_251' title='bbox 821 3990 906 4059; x_wconf 88' lang='lat' dir='ltr'><strong>atque</strong></span> <span class='ocrx_word' id='word_1_252' title='bbox 928 3981 986 4041; x_wconf 90' lang='lat' dir='ltr'><strong>illic</strong></span> <span class='ocrx_word' id='word_1_253' title='bbox 1001 3983 1137 4058; x_wconf 87' lang='lat' dir='ltr'><strong>affuistis,</strong></span> <span class='ocrx_word' id='word_1_254' title='bbox 1153 3999 1213 4048; x_wconf 89' lang='lat' dir='ltr'><strong>turn</strong></span> 
     </span>
     <span class='ocr_line' id='line_1_32' title="bbox 112 4073 1213 4157; baseline 0.005 -23"><span class='ocrx_word' id='word_1_255' title='bbox 112 4087 145 4136; x_wconf 92' lang='lat' dir='ltr'><strong>ut</strong></span> <span class='ocrx_word' id='word_1_256' title='bbox 168 4078 224 4157; x_wconf 91' lang='lat' dir='ltr'><strong>ipsi</strong></span> <span class='ocrx_word' id='word_1_257' title='bbox 244 4074 434 4137; x_wconf 88' lang='lat' dir='ltr'><strong>recordemini</strong></span> <span class='ocrx_word' id='word_1_258' title='bbox 455 4083 517 4131; x_wconf 92' lang='lat' dir='ltr'><strong>tum</strong></span> <span class='ocrx_word' id='word_1_259' title='bbox 542 4082 574 4130; x_wconf 90' lang='lat' dir='ltr'><strong>ut</strong></span> <span class='ocrx_word' id='word_1_260' title='bbox 597 4073 700 4131; x_wconf 86' lang='lat' dir='ltr'><strong>vestris</strong></span> <span class='ocrx_word' id='word_1_261' title='bbox 724 4075 918 4134; x_wconf 89' lang='lat' dir='ltr'><strong>assessoribus</strong></span> <span class='ocrx_word' id='word_1_262' title='bbox 940 4077 1061 4135; x_wconf 86' lang='lat' dir='ltr'><strong>narretis</strong></span> <span class='ocrx_word' id='word_1_263' title='bbox 1082 4080 1213 4140; x_wconf 89' lang='lat' dir='ltr'><strong>studium</strong></span> 
     </span>
     <span class='ocr_line' id='line_1_33' title="bbox 112 4165 1212 4248; baseline 0.008 -23"><span class='ocrx_word' id='word_1_264' title='bbox 112 4188 209 4229; x_wconf 89' lang='lat' dir='ltr'><strong>meum</strong></span> <span class='ocrx_word' id='word_1_265' title='bbox 232 4182 260 4230; x_wconf 80' lang='lat' dir='ltr'><strong>et</strong></span> <span class='ocrx_word' id='word_1_266' title='bbox 284 4191 320 4233; x_wconf 86' lang='lat' dir='ltr'><strong>ea</strong></span> <span class='ocrx_word' id='word_1_267' title='bbox 343 4188 408 4248; x_wconf 90' lang='lat' dir='ltr'><strong>quae</strong></span> <span class='ocrx_word' id='word_1_268' title='bbox 425 4165 593 4245; x_wconf 84' lang='lat' dir='ltr'><strong>reipublicae</strong></span> <span class='ocrx_word' id='word_1_269' title='bbox 608 4165 664 4224; x_wconf 91' lang='lat' dir='ltr'><strong>illis</strong></span> <span class='ocrx_word' id='word_1_270' title='bbox 682 4166 859 4245; x_wconf 91' lang='lat' dir='ltr'><strong>temporibus</strong></span> <span class='ocrx_word' id='word_1_271' title='bbox 879 4168 1048 4228; x_wconf 89' lang='lat' dir='ltr'><strong>acciderunt</strong></span> <span class='ocrx_word' id='word_1_272' title='bbox 1067 4183 1097 4230; x_wconf 91' lang='lat' dir='ltr'><strong>et</strong></span> <span class='ocrx_word' id='word_1_273' title='bbox 1116 4193 1212 4234; x_wconf 89' lang='lat' dir='ltr'><strong>rerum</strong></span> 
     </span>
     <span class='ocr_line' id='line_1_34' title="bbox 113 4258 1212 4340; baseline 0.011 -23"><span class='ocrx_word' id='word_1_274' title='bbox 113 4262 310 4333; x_wconf 89' lang='lat' dir='ltr'><strong>difficultates,</strong></span> <span class='ocrx_word' id='word_1_275' title='bbox 326 4281 384 4340; x_wconf 92' lang='lat' dir='ltr'><strong>quo</strong></span> <span class='ocrx_word' id='word_1_276' title='bbox 406 4259 473 4318; x_wconf 89' lang='lat' dir='ltr'><strong>inde</strong></span> <span class='ocrx_word' id='word_1_277' title='bbox 493 4258 690 4336; x_wconf 83' lang='lat' dir='ltr'><strong>cognoscatis,</strong></span> <span class='ocrx_word' id='word_1_278' title='bbox 705 4260 799 4336; x_wconf 90' lang='lat' dir='ltr'><strong>qualis</strong></span> <span class='ocrx_word' id='word_1_279' title='bbox 819 4280 874 4339; x_wconf 82' lang='lat' dir='ltr'><strong>ego</strong></span> <span class='ocrx_word' id='word_1_280' title='bbox 889 4261 944 4321; x_wconf 92' lang='lat' dir='ltr'><strong>sim</strong></span> <span class='ocrx_word' id='word_1_281' title='bbox 959 4261 988 4319; x_wconf 92' lang='lat' dir='ltr'><strong>in</strong></span> <span class='ocrx_word' id='word_1_282' title='bbox 998 4262 1092 4340; x_wconf 91' lang='lat' dir='ltr'><strong>jussis</strong></span> <span class='ocrx_word' id='word_1_283' title='bbox 1106 4268 1212 4329; x_wconf 84' lang='lat' dir='ltr'><strong>vestris</strong></span> 
     </span>
    </p>
   </div>
   <div class='ocr_carea' id='block_1_8' title="bbox 106 4351 1211 4443">
    <p class='ocr_par' dir='ltr' id='par_1_8' title="bbox 106 4351 1211 4443">
     <span class='ocr_line' id='line_1_35' title="bbox 106 4351 1211 4443; baseline 0.012 -33"><span class='ocrx_word' id='word_1_284' title='bbox 106 4355 324 4434; x_wconf 82' lang='lat' dir='ltr'><strong>exsequendis:</strong></span> <span class='ocrx_word' id='word_1_285' title='bbox 346 4354 394 4433; x_wconf 93' lang='lat' dir='ltr'><strong>qui</strong></span> <span class='ocrx_word' id='word_1_286' title='bbox 406 4362 502 4412; x_wconf 89' lang='lat' dir='ltr'><strong>autern</strong></span> <span class='ocrx_word' id='word_1_287' title='bbox 517 4351 596 4412; x_wconf 90' lang='lat' dir='ltr'><strong>domi</strong></span> <span class='ocrx_word' id='word_1_288' title='bbox 612 4351 770 4424; x_wconf 88' lang='lat' dir='ltr'><strong>mansistis,</strong></span> <span class='ocrx_word' id='word_1_289' title='bbox 784 4354 872 4414; x_wconf 89' lang='lat' dir='ltr'><strong>tacite</strong></span> <span class='ocrx_word' id='word_1_290' title='bbox 888 4375 932 4415; x_wconf 93' lang='lat' dir='ltr'><strong>me</strong></span> <span class='ocrx_word' id='word_1_291' title='bbox 945 4364 979 4413; x_wconf 94' lang='lat' dir='ltr'><strong>ut</strong></span> <span class='ocrx_word' id='word_1_292' title='bbox 993 4356 1119 4420; x_wconf 84' lang='lat' dir='ltr'><strong>audiatis</strong></span> <span class='ocrx_word' id='word_1_293' title='bbox 1131 4362 1211 4443; x_wconf 88' lang='lat' dir='ltr'><strong>apud</strong></span> 
     </span>
    </p>
   </div>
   <div class='ocr_carea' id='block_1_9' title="bbox 0 0 1336 4792">
    <p class='ocr_par' dir='ltr' id='par_1_9' title="bbox 0 0 1336 4792">
     <span class='ocr_line' id='line_1_36' title="bbox 0 0 1336 4792; baseline 0 4"><span class='ocrx_word' id='word_1_294' title='bbox 0 0 1336 4792; x_wconf 95' lang='lat' dir='ltr'><strong> </strong></span> 
     </span>
    </p>
   </div>
  </div>
 </body>
</html>
