2662 4792
353 314 570 376 ADVERSUS
592 316 902 379 NICOSTRATUM.
1103 324 1161 381 717

78 490 140 533 eum
162 472 286 531 lrctrum
305 489 370 531 esse
384 470 662 550 locupletissimum:
693 481 846 551 postquam
860 480 957 531 eutem
970 472 1051 551 leges
1059 476 1165 549 jubent

77 564 149 627 illius
171 565 304 625 fortunas
318 562 399 623 vobis
421 562 506 633 tradi,
526 573 587 623 tum
608 583 720 645 pauper
739 563 853 625 exsistit
872 563 1057 639 Aressrusius,
1075 578 1164 646 etque

77 656 199 717 eliasibi
220 666 313 717 mater
332 654 476 729 vendicat,
499 655 556 716 alis
579 676 670 717 soror.
710 656 817 719 Decuit
836 666 933 717 autem
951 678 1013 731 eos,
1039 658 1064 720 si
1082 660 1164 741 juste

77 748 223 811 vobiscum
245 768 332 827 egere
351 747 470 819 vellent,
491 748 647 809 declaretis
666 748 799 810 omnibus
822 749 900 809 illius
915 750 1113 825 facultatibus,
1139 753 1166 815 si

77 842 138 921 quis
158 860 196 901 ec
214 860 282 921 quse
304 860 359 901 suc
378 850 478 901 essent
500 841 713 922 descripsisset,
725 862 762 902 ea
777 842 832 903 sibi
852 840 1018 903 vendicare.
1058 845 1093 905 Si
1111 845 1165 926 igi·

77 946 120 995 trrr
139 934 320 1015 cogitabitis,
339 953 489 1013 nunquam
514 934 614 994 defore
633 935 684 1014 qui
706 945 804 996 vestre
824 934 879 995 sibi
905 935 1165 1009 vendicent-sut

79 1028 150 1091 erim
163 1028 290 1109 pupillos
308 1038 361 1089 sut
376 1027 505 1109 pupilles
523 1028 734 1101 suborncbunt,
751 1037 781 1089 et
791 1038 917 1089 vestram
937 1029 1163 1093 misericordiam

80 1120 275 1203 implorabunt,
290 1131 342 1181 aut
361 1131 541 1181 senectutem
554 1129 585 1181 et
600 1120 728 1201 inopiam
742 1130 773 1181 et
784 1122 885 1182 matris
898 1121 1063 1184 alimoniam
1082 1144 1164 1185 com·

81 1224 266 1275 memorantes
283 1224 312 1274 et
331 1214 526 1294 deplorantes,
535 1234 588 1294 per
600 1233 666 1293 quoe
679 1234 731 1273 vos
745 1213 881 1274 facillime
893 1234 981 1294 posse
999 1215 1094 1297 decipi
1108 1239 1164 1298 pu-

83 1316 147 1379 tent,
160 1306 274 1367 mulcta
299 1304 386 1367 etism
408 1305 617 1387 rempublicam
635 1306 771 1367 fraudere
791 1306 1001 1391 studebunt<z
1017 1306 1063 1367 his
1076 1308 1164 1387 igitur

84 1398 190 1555 w
202 1399 345 1481 neglectis
358 1398 502 1474 omnibus,
514 1400 541 1460 si
552 1418 604 1461 eos
617 1397 860 1473 condemnabitis,
869 1408 967 1460 restro
979 1398 1058 1461 eritis
1070 1400 1163 1463 iuncti
