2662 4792
131 280 190 336 ses
287 264 290 271 '
493 248 923 351 nnoienoamonn.¹

387 537 390 542 ’
541 544 807 627 unsrinonm.

130 720 212 801 Lege
226 719 312 780 etiam
326 738 392 798 quse
407 719 523 799 publice
536 719 585 779 hic
595 718 787 781 ‘in-civitatem
800 722 965 782 contulerit.
1001 702 1013 771 ’.

541 934 810 997 TESTIMONIA.

170 1079 219 1135 20.
235 1076 376 1150 Phonnio
386 1077 483 1156 igitur,
494 1077 701 1149 Athenienses,
716 1087 760 1136 tot
770 1084 801 1136 et
812 1075 902 1135 tarnim
913 1075 942 1134 in
957 1077 1089 1154 rempub.
1103 1075 1227 1136 multos·
1251 1094 1254 1098 ·

130 1186 187 1247 que
198 1177 328 1228 vestrum
339 1168 452 1241 collatis
461 1168 744 1241 beneficiis3nemine
753 1168 800 1227 vel
809 1167 926 1246 publice
938 1167 986 1226 vel
1000 1167 1133 1246 privatim
1144 1167 1227 1239 loeso,
1261 1243 1264 1250 Ι

130 1279 186 1320 nec
206 1259 327 1340 injurius
351 1260 380 1318 in
396 1261 619 1340 Apollodorum,
633 1270 769 1339 precatur
783 1254 986 1338 supplicatque
1003 1269 1034 1319 et
1047 1259 1181 1339 postulat
1194 1278 1228 1319 se
1246 1336 1255 1342 ,Α

129 1352 305 1420 conservari,
320 1361 350 1411 et
364 1371 419 1413 nos
436 1353 501 1432 ejus
522 1353 678 1412 familiares
693 1353 797 1411 eadem
820 1370 976 1430 precamur
996 1372 1014 1411 a
1032 1352 1131 1412 vobis:
1153 1352 1228 1411 illud

129 1461 197 1502 vero
211 1443 293 1503 vobis
305 1443 484 1503 audiendum
497 1453 551 1503 est.
593 1444 715 1515 Lectum
729 1453 785 1515 est,
800 1443 1005 1513 Athenienses,
1020 1443 1101 1502 hunc
1114 1433 1227 1503 tantam

128 1535 285 1614 pecuniam
309 1535 511 1614 suppeditasse
534 1536 627 1607 vobis,
651 1544 791 1613 quantam
821 1554 876 1593 nec
904 1535 976 1613 ipse,
996 1555 1050 1594 nec
1073 1535 1226 1614 quisquam

20 1698 22 1705 p
129 1627 204 1688 alius
217 1628 359 1707 possidet.
401 1627 488 1687 Fides
502 1637 599 1686 umen
613 1627 782 1685 Phormioni
800 1628 879 1705 apud
892 1636 980 1687 notos
993 1623 1080 1688 estet
1094 1638 1184 1688 tantae
1196 1637 1229 1688 et

129 1721 223 1783 multo
234 1720 350 1798 majoris
365 1720 507 1799 pecunie
519 1740 569 1799 per
583 1739 671 1800 quam
684 1729 714 1779 et
728 1719 790 1798 ipse
801 1720 856 1779 sibi
867 1721 989 1798 prodest
1001 1721 1131 1781 etvobis.
1151 1724 1227 1789 Quae

128 1830 166 1870 ne
179 1810 368 1890 projeceritis,
378 1830 474 1888 neque
485 1813 523 1870 ab
537 1811 651 1890 impuro
665 1810 723 1869 isto
732 1810 850 1870 homine
860 1811 951 1871 everti
963 1811 1122 1890 patiamini,
1131 1832 1228 1892 neque

90 1908 112 1956 .’
128 1903 209 1963 fredo
234 1902 369 1982 exemplo
387 1905 512 1975 sancite,
526 1902 613 1963 licere
632 1903 832 1982 petulantibus
843 1903 1016 1986 hominibus
1038 1914 1069 1965 et
1085 1904 1227 1965 calumni-

130 1995 258 2055 atoribus
273 2014 344 2074 opes
359 2015 458 2054 eorum
472 1994 522 2074 qui
545 2015 605 2054 rem
620 1994 733 2055 faciunt
745 2005 777 2053 et
795 1995 946 2055 moderate
959 1995 1050 2054 uitam
1071 1996 1228 2056 instituunt

130 2087 244 2147 asebis
257 2086 421 2166 impetrare.
464 2086 566 2165 Longe
588 2086 665 2146 enim
685 2096 807 2165 praestat
826 2088 971 2165 uobisque
991 2087 1093 2147 utilius
1108 2098 1155 2147 est
1175 2107 1228 2148 eas

128 2184 221 2257 peries
241 2177 322 2237 hunc
342 2197 418 2238 esse.
460 2177 574 2237 Videtis
594 2178 671 2236 enim
685 2177 741 2256 ipsi
762 2187 793 2237 et
811 2179 918 2238 auditis
932 2178 1095 2250 coestibus,
1110 2178 1227 2256 qualem

23 2294 30 2300 ’
130 2291 163 2332 se
175 2291 248 2351 erga
266 2270 411 2350 supplices
424 2271 570 2350 praebeam
592 2289 715 2348 quorum
737 2270 809 2329 nihil
824 2271 971 2350 augendas
983 2271 1116 2350 pecuniae
1129 2271 1229 2330 studio

57 2372 60 2378 '
129 2363 208 2436 iecit,
221 2365 273 2424 sed
287 2363 469 2422 humanitate
482 2371 514 2422 et
527 2363 614 2422 animi
628 2362 777 2422 facilitate.

169 2458 221 2515 21.
243 2455 311 2513 Non
325 2455 412 2514 decet
422 2454 520 2532 igitur,
533 2454 738 2526 Athenienses,
749 2454 838 2514 talem
850 2453 942 2512 vinam
961 2446 1010 2512 isti
1027 2454 1134 2534 praedae
1149 2473 1226 2527 esse,

130 2567 166 2608 ac
179 2557 241 2606 tum
255 2546 373 2604 demum
387 2565 440 2604 ros
451 2546 515 2624 ejus
527 2544 655 2604 misereri
669 2565 736 2604 cum
750 2565 786 2605 ea
799 2545 996 2606 misericordia
1009 2545 1080 2604 nihil
1095 2546 1123 2605 ei
1137 2536 1226 2624 prod·

130 2640 195 2709 erit,
218 2657 298 2698 nunc
316 2637 488 2698 miseremini
512 2638 582 2696 dum
601 2641 663 2712 ejus
686 2639 766 2698 salus
781 2640 810 2697 in
824 2651 923 2700 vestra
940 2659 1027 2699 manu
1042 2649 1108 2699 est:
1131 2652 1228 2718 neque

130 2731 207 2790 enim
228 2749 285 2809 ego
303 2730 395 2787 ullum
413 2738 528 2807 tempus
547 2748 613 2788 esse
630 2729 726 2803 video,
742 2750 801 2808 quo
815 2732 881 2809 quis
897 2732 923 2790 ei
937 2731 1118 2791 commodius
1132 2731 1227 2810 opitu·

129 2825 214 2883 letare
256 2823 356 2882 Verba
369 2831 467 2881 autem
481 2822 583 2894 multa,
597 2821 703 2900 quihus
718 2822 917 2902 Apollodorus
930 2833 1036 2894 utetur,
1052 2843 1148 2902 nugas
1163 2843 1228 2883 esse

131 2915 336 2976 et'calumnias
350 2923 507 2993 putatote3
524 2914 628 2993 jubete
646 2914 745 2993 potius
759 2935 826 2974 eum
841 2916 923 2975 vobis
938 2917 1149 2984 demonstrare,
1165 2925 1227 2988 aut,

130 3027 191 3067 non
214 3008 255 3068 ita
269 3007 424 3067 mandasse
441 3016 552 3087 patrem
566 3006 638 3087 ejus,
659 3017 720 3076 aut,
734 3026 799 3066 esse
820 3007 906 3066 aliam
921 3007 1086 3086 quampiam
1104 3008 1227 3067 locatio·

130 3118 198 3160 nem
219 3109 326 3179 praeter
348 3118 413 3158 eam
431 3117 519 3176 quam
543 3116 597 3156 nos
621 3096 813 3166 ostendimus,
828 3107 889 3169 aut,
911 3119 943 3158 se
968 3118 1027 3158 non
1049 3099 1229 3178 transegisse

17 3199 18 3203 ’
130 3191 277 3250 subducta
290 3190 401 3248 ratione
412 3190 509 3249 omnia
521 3189 571 3249 illa
585 3189 707 3249 crimina
722 3209 788 3267 quae
800 3190 938 3268 cognonit
951 3200 982 3249 et
996 3209 1080 3249 socer
1092 3200 1121 3249 et
1133 3192 1229 3250 affinis

131 3283 195 3363 ejus
215 3283 273 3341 isto
285 3282 350 3360 ipso
365 3283 557 3353 concedente,
580 3291 641 3353 aut,
656 3283 745 3341 licere
763 3282 877 3360 legibus
892 3303 937 3343 res
952 3284 992 3343 ita
1006 3293 1036 3342 et
1050 3293 1229 3343 actasrevo·

130 3394 199 3434 care
211 3374 404 3457 injudicium,
416 3374 474 3432 tale
487 3373 577 3452 igitur
588 3375 697 3452 aliquid
711 3376 865 3435 ostendat:
887 3395 954 3452 quaa
967 3394 1036 3434 cum
1050 3393 1110 3434 uon
1122 3395 1228 3454 suppe-

130 3474 203 3537 tent,
219 3466 244 3524 si
257 3465 377 3527 crimina
391 3474 421 3523 et
435 3464 592 3524 maledicta
611 3465 724 3543 ingeret
742 3476 771 3525 et
792 3466 1040 3544 tergiversabitur,
1051 3467 1126 3526 neei
1142 3487 1229 3547 paru·

51 3585 53 3588 ⁴
131 3557 221 3627 eritis,
235 3576 331 3634 neque
353 3575 405 3614 vos
426 3556 536 3615 clamor
554 3558 619 3634 ejus
638 3566 667 3616 et
690 3557 871 3636 impudentia
891 3558 1028 3637 decipiat,
1053 3560 1106 3618 sed
1127 3558 1228 3619 cavete

131 3667 224 3727 eaque
243 3647 430 3706 memineritis
450 3668 517 3725 quae
538 3649 655 3707 enobis
674 3648 835 3707 audivistis.
878 3651 953 3714 Quae
968 3650 992 3708 si
1007 3651 1145 3723 feceritis,
1161 3671 1228 3711 cum

131 3741 227 3800 officio
251 3739 448 3818 religiosorum
464 3740 599 3819 judicum
620 3739 794 3818 fungemini,
809 3749 871 3799 tum
889 3728 969 3801 hunc
986 3747 1052 3816 jure
1074 3740 1229 3803 conserva·

131 3832 209 3902 bitis,
233 3830 354 3909 dignum
375 3830 586 3904 incolumitate,
613 3833 717 3891 Jovem
742 3832 884 3910 optimum
907 3834 1066 3892 maximum
1087 3845 1180 3895 testor
1200 3845 1230 3894 et

133 3926 204 3986 deos
219 3925 375 3985 universos.
423 3925 504 4004 Cape
519 3924 624 4002 legem,
637 3934 666 3983 ct
680 3922 847 3982 testimonie
860 3922 936 3996 haec,
951 3924 1052 4003 eisque
1067 3926 1168 3985 recita.

482 4127 567 4185 LEX.
612 4127 878 4187 TESTIMONIA.

133 4278 240 4337 Nescio
254 4280 339 4358 plura
361 4281 457 4340 dicere
476 4299 612 4358 quorsum
634 4279 775 4340 attineat:
797 4291 869 4359 puto
885 4283 962 4341 enim
982 4303 1033 4342 vos
1059 4282 1130 4341 nihil
1147 4283 1229 4362 igno-

132 4389 195 4429 rare
210 4390 308 4432 eorum
323 4394 389 4452 quae
403 4373 537 4438 diuinus.
582 4373 682 4433 Exime
697 4392 812 4450 aquarn.
