2662 4792
121 252 180 313 out
396 254 613 317 ADVERSUS
635 251 932 319 MACARTATUM.

122 408 240 471 Solonis
253 410 300 471 lex
310 404 413 490 jubea't
425 430 520 473 mares
539 422 569 472 et
587 412 744 472 amoribus
763 421 929 491 procreatos
943 409 1070 490 potiores
1091 409 1217 472 haberit

119 502 175 561 iste
189 503 263 563 adeo
278 505 412 584 expedite
424 516 456 565 et
469 507 552 585 leges
563 514 593 564 et
606 504 757 583 Hagniam
770 503 953 583 contempsit,
965 513 999 562 ut
1013 503 1106 563 filium
1125 524 1215 564 suum

120 594 151 653 in
165 605 323 656 maternam
336 597 475 657 familiam
489 598 688 678 adoptandum
706 596 828 657 dederit.
871 596 928 664 Qui
946 596 1006 655 fieri
1030 596 1146 676 possint
1158 597 1214 657 ho·

119 686 212 745 mines
225 687 287 747 istis
301 688 468 768 iniquiores,
481 699 532 749 aut
544 688 750 750 violentiores?

163 780 210 838 19.
231 779 334 859 Neque
347 800 415 867 verq
433 782 491 842 hoc
506 784 601 842 solum
615 782 830 853 commiserunt,
849 780 982 852 Jndices,
1000 779 1055 840 sed
1068 800 1137 840 cum
1151 781 1217 840 Bu«

10 864 14 872 '
119 869 220 940 eelidae
234 891 335 934 omnes
354 894 506 936 commune
524 883 743 934 monumentum
758 872 1025 952 habeant,—idque
1037 874 1214 933 monumen-

117 969 181 1019 tum
203 961 407 1024 Buselidarum
428 967 602 1039 nominetur,
621 965 750 1044 amplum
774 962 898 1043 spatium
918 964 1154 1043 circumseptum,
1177 974 1212 1024 ut

118 1053 227 1133 antiqui
242 1056 424 1132 uolebant—,
437 1058 467 1118 in
482 1079 518 1119 eo
534 1066 731 1143 monumento,
745 1055 844 1116 caeteri
862 1075 964 1115 omnes
983 1056 1039 1115 orti
1060 1075 1079 1114 a
1100 1054 1212 1115 Buselo

117 1144 165 1204 siti
179 1157 256 1222 sunt,
272 1150 416 1230 Hagnias,
432 1151 607 1221 Eubulidas,
622 1150 753 1220 Polemo,
765 1159 795 1209 et
808 1149 911 1226 reliqui
925 1167 1026 1208 omnes
1040 1156 1124 1207 tanta
1136 1147 1215 1206 mul·

116 1237 221 1313 titudo,
235 1242 361 1302 universi
376 1244 501 1321 denique
523 1245 579 1304 orti
599 1263 618 1302 a
639 1242 750 1301 Buselo
768 1240 798 1300 id
816 1251 1037 1300 monumentum
1056 1260 1217 1307 commuue

115 1327 234 1391 habent.
276 1334 434 1394 Macartati
447 1346 544 1396 autem
565 1344 649 1414 pater
669 1334 857 1414 ejusdemque
872 1352 944 1391 avus
962 1322 1000 1389 'eu
1021 1342 1214 1393 monumento

115 1423 162 1480 usi
174 1420 241 1483 non
249 1437 327 1497 sunt,
343 1428 397 1485 sed
410 1428 466 1506 ipsi
479 1427 611 1505 privatim
627 1427 680 1485 sibi
693 1433 915 1483 monumentum
927 1423 1061 1482 fecerunt
1074 1424 1177 1503 procul
1191 1446 1214 1487 c

116 1513 322 1576 Buselidarum
336 1527 535 1575 monumento.
559 1515 640 1574 Num
652 1514 787 1574 videntur
799 1515 893 1584 vobis,
907 1514 1040 1586 ludices,
1054 1515 1211 1595 quiequam
1239 1570 1243 1575 .

115 1605 153 1665 ad
168 1607 292 1685 Hagnioe
306 1607 444 1666 familiam
459 1606 595 1676 attinere,
614 1606 671 1665 nisi
684 1616 831 1683 quatenus
845 1625 880 1666 ea
894 1625 961 1684 quoe
980 1605 1052 1665 nibil
1072 1608 1112 1667 ad
1129 1609 1217 1687 ipson

114 1698 239 1759 attinent
260 1710 361 1779 erepta
383 1698 584 1779 occuparunt?
606 1697 666 1759 Sed
689 1708 784 1757 utrum
805 1700 930 1758 intereat
950 1699 1211 1778 Hagniret‘amilia,

115 1799 146 1849 ct
169 1791 324 1850 Eubulidas
343 1791 469 1869 Hagniae
486 1792 637 1872 patruelis,
655 1810 755 1851 eorum
773 1790 857 1851 etiarn
881 1790 997 1850 nomine
1011 1791 1130 1867 abolito,
1144 1794 1213 1875 ejus

113 1882 154 1941 rei
164 1902 236 1943 cura
248 1904 303 1944 neo
317 1883 436 1943 minima
449 1885 506 1945 illis
520 1904 648 1963 unquam
662 1885 725 1943 tuit.

154 1977 205 2034 20.
227 1975 294 2055 Ego
318 1988 426 2051 autem,
446 1977 579 2050 ludices,
599 1976 726 2056 opitulor
753 1975 897 2053 equidem,
923 1987 1064 2056 quantum
1087 1998 1210 2058 possum

113 2066 250 2140 maxime,
264 2067 411 2128 defunctis
425 2067 502 2128 illis:
525 2068 578 2128 sed
591 2087 652 2126 non
665 2067 790 2128 'omnino
811 2069 895 2128 facile
910 2080 956 2129 est
965 2069 1051 2129 istius
1063 2071 1211 2149 apparati·

112 2158 169 2218 bus
183 2159 339 2245 adversari.
366 2162 463 2221 Trado
473 2160 570 2240 igitur,
583 2161 715 2235 ludices,
728 2161 810 2220 vobis
823 2162 904 2221 huno
916 2182 1039 2242 puerum
1048 2163 1090 2221 ita
1103 2183 1212 2224 curan*

113 2249 194 2321 dum,
206 2261 239 2311 ut
251 2254 334 2313 vobis
349 2254 545 2333 oequissimum
558 2254 713 2314 videbitur.
737 2255 795 2314 Hic
805 2254 961 2334 adoptatus
973 2255 1057 2317 estin
1067 2254 1209 2316 familiam

113 2343 278 2417 Eubulidas,
300 2356 329 2408 et
348 2348 538 2408 introductus
562 2349 599 2408 ad
624 2349 747 2410 curiales
771 2368 831 2408 non
853 2369 943 2421 moos,
964 2349 1016 2409 sed
1039 2350 1206 2423 Eubulidas,

113 2438 250 2518 Hagniae,
277 2450 308 2500 et
331 2441 495 2503 Macartati.
537 2442 588 2511 Et,
613 2461 680 2500 cum
706 2442 948 2515 introduceretur,
964 2442 1063 2502 ceteri
1085 2443 1207 2504 curiales

111 2530 187 2590 clam
210 2532 349 2611 suffragia
369 2535 522 2595 ferebant:
544 2521 726 2593 Macartatue
748 2543 846 2594 autem
866 2543 966 2614 aperto
989 2534 1131 2614 suffragio
1156 2536 1207 2597 de·

111 2625 249 2683 cernebat
261 2633 341 2684 recte
355 2625 502 2685 introduci
514 2624 606 2683 filium
619 2625 775 2685 Eubulidae
789 2647 912 2706 puerum
926 2627 1015 2699 hunc,
1035 2647 1102 2687 cum
1123 2629 1205 2688 victi·

110 2734 187 2773 mam
201 2726 322 2794 tangere
336 2717 437 2789 nollet,
452 2726 504 2776 aut
523 2717 560 2776 ab
583 2737 634 2777 ara
653 2718 799 2778 abducere
821 2740 911 2799 sequc
929 2718 1089 2780 reddendoe
1102 2722 1206 2781 rationi

109 2808 233 2868 reddere
245 2807 414 2882 obnoxium,
429 2810 483 2869 sed
497 2820 527 2870 et
540 2811 624 2888 palte
638 2811 766 2870 carnium
783 2831 801 2870 a
813 2831 902 2890 puero
915 2813 973 2872 hoc
986 2824 1119 2893 accepta,
1130 2824 1164 2874 ut
1176 2824 1206 2875 ot

111 2900 159 2960 alii
173 2901 308 2976 curiales,
322 2902 403 2961 abiit.
445 2902 615 2962 Existimate
639 2903 736 2981 igitur,
758 2904 890 2975 ludices,
904 2925 1026 2983 puerum
1043 2908 1123 2967 hunc
1137 2916 1203 2967 ante

108 3014 162 3053 vos
171 2994 270 3074 jacere
285 2995 446 3075 supplicem
459 3016 511 3075 pro
526 2996 673 3056 defunctis
692 2996 810 3074 Hagnia
824 3007 855 3055 et
873 2997 1018 3057 Eubulide
1039 3008 1069 3058 et
1092 3000 1205 3060 coeteris

110 3088 147 3147 ab
164 3088 283 3167 Hagnia
302 3088 443 3159 oriundis
457 3097 545 3167 atque
559 3088 624 3147 illos
638 3088 717 3166 ipsos
731 3090 814 3148 vobis
828 3089 1004 3167 supplicare,
1019 3091 1154 3165 Judices,
1167 3114 1204 3154 ne

16 3230 19 3241 .
110 3200 165 3239 uua
177 3181 286 3241 familia
299 3172 500 3260 exstinguatur
512 3183 549 3240 ab
563 3181 736 3241 immanibus
748 3181 811 3240 istis
825 3181 942 3253 belluis,
954 3202 1020 3260 quaa
1034 3203 1100 3243 cum
1114 3186 1173 3246 sint
1187 3206 1205 3247 e

108 3274 254 3333 Stratiana
266 3275 386 3346 familia,
409 3294 446 3333 ex
465 3274 623 3352 Hagniann
643 3276 764 3334 fuerunt
777 3293 944 3353 nunquam:
966 3295 1061 3353 neque
1083 3279 1203 3356 permit·

109 3364 178 3422 tatis
191 3364 255 3422 istis
269 3375 367 3424 tenere
382 3366 485 3438 aliena,
500 3366 553 3424 scd
567 3386 603 3425 ea
619 3366 771 3426 restituere
783 3367 896 3444 cogatis
911 3367 941 3424 in
955 3367 1146 3446 Hagnianam
1160 3372 1203 3431 ia·

109 3455 216 3513 miliam
231 3457 364 3533 cognatis
385 3456 524 3535 Hagniae.
567 3459 632 3536 Ego
645 3458 732 3538 igitur
748 3458 847 3516 stillis
861 3458 987 3536 opitulor
999 3459 1161 3533 defunctis,
1175 3472 1206 3521 et

108 3546 221 3626 legibus
234 3546 314 3607 hisce
329 3548 366 3606 de
385 3548 471 3607 rebus
493 3549 572 3609 latis.
612 3550 674 3609 Vos
689 3560 787 3609 autem
801 3569 862 3623 oro,
882 3551 1013 3622 Judices,
1029 3555 1162 3626 obsecro,
1173 3567 1206 3617 ct

108 3642 248 3720 obtestor,
262 3662 299 3701 ne
313 3643 360 3701 vel
375 3662 465 3721 puero
478 3642 547 3702 huic
562 3644 695 3703 insultari
709 3645 857 3723 patiamini
871 3646 908 3703 ab
921 3645 995 3719 istis,
1006 3640 1056 3706 'vel
1077 3649 1212 3727 majores.

109 3735 171 3815 ejus
186 3735 279 3814 magis
293 3737 380 3796 etiam
395 3736 515 3814 despici,
528 3737 578 3815 qui
592 3758 671 3796 nunc
689 3739 848 3817 contempti
863 3750 957 3810 erunt,
969 3740 994 3798 si
1007 3740 1055 3799 isti
1069 3743 1205 3802 obtinue-

108 3828 167 3887 rint
179 3848 246 3906 quoe
259 3826 381 3896 volunt;
403 3829 454 3887 sed
469 3828 552 3906 leges
565 3829 696 3903 tuemini,
710 3840 739 3890 et
754 3830 910 3891 defunctos
924 3843 1034 3904 curate,
1049 3854 1086 3893 ne
1102 3854 1202 3895 eorum

109 3921 218 3980 familia
236 3921 455 4000 exstinguatur:
478 3942 555 4000 quae,
578 3924 602 3982 si
625 3923 759 3996 feceritis,
773 3933 802 3983 et
820 3944 886 4002 quae
904 3945 989 4004 aequa
1007 3938 1086 4001 sunt,
1100 3939 1131 3987 et
1151 3946 1206 4007 pro

108 4024 205 4075 vestra
217 4014 286 4088 fide,
300 4025 329 4075 et
342 4013 423 4075 vobis
438 4014 508 4095 ipsis
523 4015 604 4076 utilia
617 4016 789 4077 decernetis.
1207 4028 1211 4035 “
