2662 4792
113 278 174 337 664
326 276 369 337 ΙΝ
394 276 594 338 EVERGUM
620 279 673 339 ET
701 274 989 340 MNESIBULUM.

115 441 194 491 ctam
203 431 322 511 recepit,
333 441 366 491 ut
375 432 589 512 quinquaginta
600 453 680 494 meas
694 454 763 494 oves
774 432 957 493 mollesdum
968 440 1168 512 pascerentur,
1178 441 1210 493 et

115 523 271 601 opilionem
285 542 345 582 una
359 544 424 582 cum
439 525 492 596 eis,
506 536 536 585 et
547 526 685 605 quicquid
699 526 737 586 ad
751 546 869 605 gregem
888 525 1022 604 pertinet,
1035 524 1223 603 abripueritr„

116 616 232 685 deinde,
241 636 360 694 puerum
368 617 667 696 ministrumhydriam
675 638 779 677 aream
787 616 1210 696 reportantemacoommodato

114 718 274 785 acceptam,
288 709 386 787 magni
400 710 493 788 pretii.
532 710 635 787 Neque
646 710 709 768 hacc
720 710 761 769 eis
776 710 932 769 abstulisse
946 710 1000 768 luit
1014 709 1097 781 satis,
1112 708 1210 771 sedet

115 800 144 858 in
154 801 291 878 praedium
303 803 552 880 ingressi-agros
561 813 658 861 autern
674 803 739 861 colo
754 802 791 861 ad
802 802 912 861 circum
923 811 1100 879 equestrem,
1109 800 1208 880 ibique

115 893 245 952 habitoa
262 894 353 972 prima
368 895 615 967 adolescentia—,
629 897 752 973 primurn
772 896 802 954 in
823 895 945 954 famulos
966 894 1106 972 impetum
1130 893 1208 953 fece-

114 996 201 1044 runt:
223 996 257 1044 ut
271 1005 338 1045 vero
351 987 392 1045 illi
408 988 595 1067 diffugerunt,
609 999 697 1065 atque
711 987 785 1046 alius
800 988 858 1047 alio
873 1007 905 1046 se
920 986 1069 1066 proripuit,
1083 985 1209 1065 ingressi

114 1078 194 1136 mdes
209 1088 238 1137 et
252 1079 367 1157 dejecta
375 1081 467 1159 janua
481 1101 547 1159 quae
557 1082 585 1139 iu
596 1080 713 1140 hortum
726 1080 792 1157 fert,
807 1080 939 1159 Evergus
953 1080 1041 1139 frater
1052 1079 1208 1157 Theophe-

114 1169 154 1229 mi
168 1180 199 1228 et
212 1171 395 1231 Mnesibulus
412 1173 506 1232 affinis
527 1173 600 1252 ejus,
614 1173 748 1249 aquibus
772 1172 852 1231 nullo
873 1192 951 1231 eram
969 1172 1081 1251 judicio
1102 1170 1208 1244 victua,

115 1266 220 1343 quibua
234 1286 293 1325 non
307 1268 352 1326 fas
366 1267 420 1326 fuit
439 1268 595 1346 quicquam
615 1286 712 1323 meum
732 1266 885 1342 attingere,
900 1263 1021 1342 ingressi
1033 1263 1075 1323 ad
1088 1282 1208 1323 uxorem

113 1370 253 1418 meamet
269 1359 386 1430 liberos,
401 1359 539 1437 quicquid
553 1358 734 1417 instrumenti
748 1356 818 1415 mihi
832 1356 887 1415 suit
900 1355 1042 1434 reliquum
1053 1354 1082 1413 in
1094 1354 1207 1415 aedibus

115 1451 307 1511 abstulerunt.
348 1452 496 1510 Putabant
515 1451 592 1509 enirn
607 1469 639 1508 se
653 1468 712 1508 non
725 1448 813 1507 modo
827 1447 981 1516 tantillam,
993 1445 1047 1505 sed
1062 1445 1154 1524 longe
1165 1446 1207 1505 in·

115 1545 298 1603 structionem
322 1543 529 1621 supellectilem
553 1540 632 1600 domi
653 1560 726 1599 meae
751 1551 926 1618 reperturos.
952 1538 1072 1610 Verum,
1090 1547 1208 1618 propter

116 1636 196 1695 obita
207 1654 328 1694 munera
341 1645 371 1694 et
385 1636 493 1694 tributa
506 1644 536 1693 et
549 1634 638 1692 vestri
652 1632 792 1702 studium,
807 1632 864 1691 alia
878 1629 1080 1709 oppignerata,
1095 1631 1153 1691 alia
1165 1630 1207 1690 di·

23 1708 32 1731 s
115 1727 235 1786 vendita
247 1738 347 1787 erant:
367 1748 432 1806 quaa
445 1747 514 1787 vero
526 1726 623 1785 adhuc
636 1725 794 1797 restabant,
808 1725 842 1783 iis
857 1724 983 1802 abreptis
997 1725 1135 1785 omnibus
1149 1724 1208 1785 abi-

116 1830 210 1878 erunt.

160 1913 207 1971 16.
227 1911 384 1981 Praeterea,
399 1911 532 1983 ludices,
546 1920 618 1971 uxor
632 1931 696 1970 mea
710 1930 776 1970 cum
792 1910 888 1969 liberis
903 1912 931 1969 in
947 1910 1014 1971 aula
1027 1912 1206 1990 prandebat;

116 2017 148 2064 et
162 2004 297 2085 quaedam
315 2024 381 2064 oum
402 2004 466 2083 ipsa
486 2024 552 2082 quae
566 2005 662 2063 nutrix
677 2023 743 2062 mea
763 2004 855 2062 fuerat
869 2022 977 2082 magno
999 2015 1082 2074 natu,
1106 2005 1208 2065 mulier

114 2098 258 2157 benevola
272 2111 302 2157 et
317 2097 384 2166 fida,
398 2097 530 2175 libertate
549 2097 659 2157 donata
682 2117 700 2157 a
720 2106 802 2175 patre
826 2116 902 2155 meo.
945 2097 1095 2175 Nupserat
1112 2108 1209 2159 autem

116 2192 225 2269 adepta
238 2192 420 2258 libertatem
443 2192 602 2271 maritoque
617 2202 740 2262 mortue,
753 2186 832 2269 quod
846 2201 876 2249 et
885 2191 983 2250 vetula
993 2203 1068 2262 erat,
1080 2201 1112 2253 et
1125 2212 1209 2271 aquo

115 2285 240 2344 aleretur
258 2285 399 2344 neminem
418 2284 554 2352 habebat,
569 2286 632 2363 ipsa
641 2286 677 2343 ad
693 2305 740 2343 me
753 2284 886 2343 redierat.
930 2284 1073 2363 Eaigitur
1086 2286 1125 2345 ad
1140 2306 1208 2367 ege·

114 2387 220 2435 statem
235 2377 364 2448 redacta,
378 2398 444 2455 quae
458 2388 488 2436 et
500 2378 596 2436 nutrix
611 2388 641 2436 et
654 2376 806 2436 educatrix
816 2396 881 2435 mea
893 2377 998 2448 fuerat,
1018 2378 1102 2437 nullo
1123 2380 1208 2441 modo

100 2469 185 2527 -mihi
201 2470 378 2546 negligenda
396 2469 470 2527 fuit:
493 2470 577 2528 simul
600 2470 687 2528 etiarn
701 2469 770 2547 quia
787 2469 958 2527 trierarchus
973 2488 1051 2528 eram
1066 2470 1209 2545 abiturus,

114 2570 145 2619 et
157 2580 231 2617 uxor
250 2580 314 2618 mea
333 2561 386 2618 sibi
406 2561 494 2618 talem
508 2581 526 2619 a
539 2581 585 2620 me
606 2562 756 2620 custodem
777 2561 885 2619 aedium
907 2560 1027 2640 relinqui
1050 2564 1209 2640 gaudebat.

116 2653 191 2712 Cum
206 2663 302 2711 autem
318 2654 347 2710 in
362 2653 429 2710 aula
443 2653 630 2730 pranderent,
642 2665 727 2730 atque
740 2654 786 2711 isti
801 2653 857 2711 illis
872 2655 967 2713 subito
978 2656 1126 2733 oppressis
1137 2658 1209 2716 irru-

114 2756 207 2815 erent,
221 2755 251 2802 et
265 2765 334 2802 vasa
348 2745 514 2822 diriperent,
529 2745 593 2802 aliae
608 2745 725 2823 quidem
740 2746 924 2804 ancillae-in
938 2747 1008 2805 turri
1023 2748 1102 2807 enim
1116 2759 1209 2822 erant,

114 2837 163 2895 ubi
178 2837 410 2909 diversantur—,
420 2838 546 2896 clamore
561 2823 670 2907 audito,
680 2837 778 2895 turrim
791 2838 961 2907 occludunt,
978 2849 1065 2916 atque
1080 2841 1150 2899 illuc
1163 2842 1209 2900 in-

115 2930 206 3008 gressi
220 2951 279 2988 non
291 2941 369 3003 sunt,
381 2931 432 2988 sed
443 2951 458 2989 e
470 2928 582 2988 caeteris
597 2928 785 2988 conclavibus
796 2949 866 2988 vasa
876 2941 1076 3010 expertarum,
1091 2943 1210 2993 vetante

114 3043 204 3082 uxore
219 3043 254 3082 ne
269 3043 305 3082 ea
323 3032 475 3102 tangerent
495 3031 525 3081 et
540 3021 665 3094 dicente,
681 3024 718 3080 ob
733 3022 833 3079 dotem
848 3022 902 3080 sibi
921 3043 987 3081 esse
1006 3025 1210 3103 oppignerata,

114 3126 152 3185 et,
167 3137 234 3174 oves
250 3137 300 3174 eos
320 3117 427 3175 habere
444 3115 655 3193 quinquaginta
669 3124 698 3172 et
712 3114 866 3192 opilionem
889 3116 1005 3194 majoris
1021 3118 1105 3194 pretii
1120 3139 1210 3196 quam

112 3209 213 3286 quanti
228 3228 322 3266 essem
338 3207 646 3267 damnatus—vicinus
661 3208 737 3264 enim
752 3207 870 3283 quidam
884 3207 924 3264 eis
937 3209 967 3266 id
983 3210 1210 3291 nunciaratpul·

113 3311 177 3357 sata
186 3300 328 3377 janua—‚
344 3310 485 3378 practerea
506 3311 659 3377 argentum
680 3300 720 3358 eis
743 3299 858 3358 dicebat
877 3299 905 3356 in
928 3319 1030 3359 mensa
1050 3322 1115 3361 esse
1133 3304 1211 3382 posi·

112 3395 244 3451 tum—id
267 3396 343 3452 enim
365 3414 401 3451 ex
420 3413 465 3450 rne
486 3395 674 3454 audierat—2
694 3396 773 3474 quod
794 3396 817 3453 si
836 3396 1081 3473 exspectaveritis
1105 3399 1210 3478 inquit,

112 3495 164 3542 aut
189 3496 316 3543 vestrum
342 3484 445 3562 aliquis
466 3486 599 3545 maritum
631 3509 725 3546 meum
754 3488 929 3557 accersierit,
955 3490 1054 3547 statim
1078 3494 1210 3572 acceptis

112 3578 238 3635 'nummis
261 3577 391 3643 abibitis;
424 3598 494 3637 vasa
513 3590 608 3638 autom
634 3580 797 3657 relinquite,
820 3591 850 3637 et
872 3580 943 3638 nihil
968 3601 1066 3640 meum
1087 3586 1209 3657 auferte,

110 3672 270 3749 praesertim
294 3690 361 3727 cum
383 3669 515 3728 babeatis
533 3673 633 3748 quanti
653 3672 763 3730 mulcta
781 3682 835 3730 est.
880 3673 951 3731 Hace
967 3674 1085 3735 dicente
1105 3699 1208 3757 uxore,

111 3772 222 3821 tanturn
245 3762 338 3820 abfuit
357 3772 391 3819 ut
411 3762 596 3836 desisterent,
611 3776 643 3822 ut
666 3774 696 3822 et
720 3764 873 3834 nutricem,
890 3769 968 3843 (quaa
988 3770 1138 3845 cymbium
1155 3773 1208 3832 sibi

112 3856 287 3936 appositum,
302 3875 318 3913 e
331 3875 389 3932 quo
405 3858 535 3934 potabat,
549 3859 625 3917 intra
644 3859 738 3917 sinum
754 3857 914 3929 abdiderat,
930 3881 965 3919 ne
987 3863 1017 3920 id
1041 3864 1088 3923 isti
1112 3869 1210 3928 auler-

111 3961 185 4021 rent,
194 3961 349 4027 postquam
363 3968 412 4007 eos
427 3949 503 4007 intus
520 3970 584 4009 esse
597 3951 692 4026 vidit),
714 3971 743 4009 re
763 3951 974 4025 animadversa,
998 3952 1040 4016 sie
1055 3962 1209 4021 tractarint

110 4043 185 4101 inter
199 4041 378 4120 eripiendum
393 4042 539 4120 cymbium
553 4043 756 4122 Theopbenrus
775 4054 805 4102 et
828 4045 958 4124 Evergus
977 4049 1068 4109 frater
1082 4053 1157 4131 ejus,
1175 4066 1208 4115 ut

111 4144 141 4192 et
153 4135 273 4192 brachia
286 4144 316 4192 et
331 4153 434 4191 manus
454 4135 581 4193 mulieris
602 4132 1011 4214 sanguinc'suffunderentur,
1026 4143 1098 4202 dum
1117 4160 1207 4207 retor-

109 4237 233 4302 quentur
247 4225 373 4304 duinque
387 4237 506 4285 vexatur
521 4229 558 4287 ab
573 4227 634 4286 istis
649 4229 784 4307 poculum
799 4229 995 4307 eripientibus,
1013 4245 1140 4297 etnotas
1153 4259 1206 4296 un·

111 4317 211 4392 guium
225 4319 255 4376 in
270 4319 347 4377 collo
363 4319 432 4377 dum
445 4321 470 4377 ei
481 4320 615 4399 jugulum
631 4322 823 4401 comprimunt
832 4335 862 4381 et
875 4323 992 4383 lividum
1003 4337 1107 4405 pectus
1118 4330 1206 4389 habe·

104 4417 167 4465 ret:
189 4429 283 4488 eoque
296 4412 489 4492 improbitatis
502 4425 652 4487 venerunt,
675 4425 708 4475 ut
720 4435 807 4475 anum
822 4425 852 4476 et
865 4419 980 4478 obtorto
1000 4420 1079 4482 collo
1093 4423 1205 4483 trahere
