2662 4792
112 277 171 339 662
326 276 373 337 IN
393 276 597 337 EVERGUM
619 276 669 336 ET
690 276 759 338 MN
763 274 981 338 ESIBULUM.

111 442 218 517 sertim,
229 442 280 523 qui
291 444 365 522 legis
379 451 409 503 et
421 443 603 503 decretorum
614 456 774 505 vestrorum
782 445 956 504 auctoritate
968 463 1004 504 ea
1013 462 1081 525 quae
1091 442 1201 507 deben-

112 545 160 596 tur
173 536 274 615 exigit.
316 536 395 615 Lege
409 534 478 594 mihi
493 537 622 610 decreta,
635 546 665 596 et
678 537 854 596 testimonia.

406 756 611 819 DECRETA.
653 754 918 814 TESTIMONIA.
981 806 984 811 .

154 898 201 955 12.
222 897 298 955 Cum
309 907 406 957 antem
421 907 522 977 erepta
534 897 603 956 mihi
618 908 715 956 essent
727 899 850 976 pignora
862 918 881 956 a
894 896 1084 976 Theopheruo
1102 906 1133 957 et
1147 916 1202 977 ego

110 990 278 1050 verberibus
292 990 426 1062 affectus,
436 1010 607 1069 progressus
621 990 650 1048 in
666 1003 809 1061 senatum,
823 990 942 1050 verbera
955 989 1083 1060 ostendi,
1096 1000 1204 1069 atquae

110 1103 267 1162 perpessus
292 1102 386 1142 essem
408 1084 533 1155 narravi,
555 1084 643 1161 idque
663 1083 813 1160 exigendis
838 1082 908 1161 reip.
926 1083 1123 1142 armamentis.
1163 1084 1204 1143 At

112 1186 242 1246 senatus,
257 1177 294 1236 ob
306 1196 342 1235 ea
354 1196 421 1254 quae
436 1177 506 1235 mihi
522 1176 689 1236 acciderant
699 1175 878 1252 indignatus,
893 1196 960 1235 cum
974 1195 1020 1234 me
1034 1185 1067 1235 ut
1080 1174 1202 1235 affectus

115 1288 213 1328 essem
234 1269 363 1340 vidisset,
385 1288 508 1347 eamque
524 1268 730 1329 contumeliam
754 1288 814 1328 non
836 1267 914 1337 mihi,
933 1267 984 1326 sed
1008 1268 1063 1327 sibi
1086 1268 1149 1347 ipsi,
1173 1278 1203 1329 et

111 1362 221 1440 populo
242 1362 353 1422 decreti
374 1363 494 1447 auctori,
510 1371 542 1421 et
563 1362 621 1439 legi
645 1380 712 1438 quae
730 1361 846 1439 exigere
868 1369 1049 1419 armamenta
1075 1368 1203 1439 cogeret,

110 1454 221 1515 iactam
234 1455 420 1526 existimaret,
435 1454 504 1513 mihi
524 1453 682 1526 mandavit,
696 1463 728 1513 nt
753 1474 820 1514 eum
840 1452 1001 1530 majestatis
1023 1470 1201 1526 accusarem,

110 1556 141 1607 et
154 1549 287 1608 curiones
300 1548 327 1608 ei
340 1549 452 1608 dictare
468 1548 610 1623 judicium
624 1547 700 1606 intra
711 1547 842 1618 biduum,
854 1558 887 1606 ut
909 1546 1011 1626 injurio
1025 1555 1056 1605 et
1069 1546 1202 1607 navalem

111 1641 325 1718 expeditionem
336 1641 516 1720 impedienti,
525 1641 624 1716 jussit,
638 1650 791 1718 propterea
803 1641 884 1718 quod
902 1648 932 1698 et
946 1648 1127 1699 armamenta
1145 1658 1203 1701 non

92 1810 94 1815 Ι
110 1732 256 1802 redderet,
271 1742 301 1791 et
312 1734 436 1812 pignora
455 1732 618 1811 eripuisset,
632 1742 664 1791 et
686 1752 732 1791 me
755 1731 804 1811 qui
821 1733 965 1811 exigerem
980 1743 1010 1791 et
1022 1732 1135 1811 reipub.
1158 1732 1201 1791 in·

112 1824 248 1883 servirem
260 1826 427 1886 verberibus
442 1824 596 1884 affecisset.
628 1826 719 1892 Facto
738 1825 826 1903 igitur
840 1826 877 1885 de
893 1822 1204 1904 Theophemojudicio

111 1916 141 1975 iu
154 1928 266 1989 senatu,
275 1938 310 1977 ea
323 1919 438 1977 actione
449 1937 506 1997 qua
519 1936 574 1996 ego
583 1935 650 1975 eum
661 1916 831 1986 detuleram,
842 1926 872 1975 et
882 1918 995 1994 utrique
1006 1917 1078 1976 data
1088 1915 1203 1977 dicendi

109 2021 265 2089 potestate,
279 2011 395 2071 occulte
409 2011 529 2071 seorsim
543 2011 766 2070 decernentibus
780 2010 972 2082 senatoribus,
987 2010 1145 2069 damnatus
1159 2018 1202 2069 est

110 2102 234 2163 incuria
256 2114 286 2163 et
310 2105 415 2179 injuste
438 2105 542 2164 fecisse
561 2103 659 2162 visus:
680 2122 746 2161 cum
769 2114 867 2162 autem
884 2103 947 2182 jam
970 2103 1000 2161 in
1024 2123 1060 2162 eo
1084 2112 1202 2163 serratus

110 2206 190 2256 esset
203 2207 237 2255 ut
250 2198 429 2268 decerneret,
444 2206 540 2256 utrum
555 2217 621 2257 eum
633 2197 745 2274 judicio
759 2197 895 2266 traderet,
910 2216 946 2254 an
959 2197 1128 2274 quingentis
1138 2194 1204 2255 dre·

110 2288 201 2348 chmis
224 2291 389 2364 mulctaret,
403 2300 521 2370 quantae
548 2290 665 2350 mulctae
689 2289 855 2368 infligendae
878 2309 913 2347 ex
936 2289 1003 2367 lege
1028 2299 1203 2368 potestatem

109 2380 266 2453 habebant,
282 2385 429 2443 orantibus
449 2384 508 2442 istis
528 2384 661 2442 omnibus
676 2392 706 2442 et
726 2382 969 2461 supplicantibus,
983 2392 1013 2440 et
1037 2401 1126 2459 quern
1145 2400 1203 2440 non

110 2472 326 2551 deprecatorem
342 2474 580 2549 subornantibus,
593 2485 624 2533 et
638 2474 858 2552 descriptionem
879 2483 1123 2533 armamentorum
1137 2473 1203 2533 red·

109 2564 246 2623 dentibus
262 2568 357 2625 statim
379 2568 408 2624 in
423 2577 536 2637 senatu,
551 2580 581 2625 et
595 2567 632 2625 de
646 2566 814 2625 verberibus
832 2586 864 2624 se
884 2567 1022 2625 arbitrum
1036 2577 1202 2647 sumpturos

109 2657 271 2716 dicentibus
294 2679 379 2736 quem
396 2660 529 2737 juberem
551 2658 781 2731 Atheniensium,
800 2659 942 2730 concessi,
962 2670 995 2719 ut
1015 2659 1202 2738 Theophemo

108 2749 145 2808 lis
158 2750 387 2829 vigintiquinque
402 2751 548 2810 drachmis
563 2752 765 2810 aestimaretur.
807 2753 882 2819 Quae
905 2761 938 2809 ut
959 2771 1026 2811 vere
1049 2772 1067 2811 a
1085 2751 1204 2812 medici

110 2853 235 2915 constet,
250 2855 312 2902 tum
326 2865 378 2904 vos
392 2865 474 2924 rogo,
484 2844 532 2923 qui
547 2854 671 2923 praetore
685 2845 849 2923 Agathocle
860 2844 889 2902 in
903 2855 1036 2903 senatum
1053 2845 1156 2914 itastis,
1170 2854 1204 2903 ut

109 2935 305 2996 assidentibus
318 2938 433 3009 dicatis,
447 2947 509 2995 tum
523 2956 713 3014 quoscunque
728 2957 764 2996 ex
784 2937 840 2996 illis
855 2937 1036 2996 senatoribus
1052 2957 1109 3016 ego
1122 2956 1204 3016 repe·

109 3030 164 3090 rire
177 3031 269 3110 potui,
283 3043 372 3092 testes
387 3032 469 3092 vobis
484 3032 654 3109 producam.

218 3189 248 3207 J*

520 3274 788 3334 TESTIMONIA.

109 3419 176 3497 Ego
186 3418 284 3496 igitur,
297 3418 427 3490 Jndices,
443 3419 518 3477 adeo
529 3439 630 3498 aequus
642 3420 672 3477 in
687 3419 758 3478 istos
773 3418 824 3477 sui.
868 3417 1042 3495 Quanquam
1053 3417 1204 3477 decretum

109 3512 252 3591 publicari
267 3513 421 3570 facultates
433 3512 566 3590 jubebat,
581 3533 639 3571 non
654 3518 715 3587 ejus
728 3511 815 3570 modo
830 3511 878 3589 qui
892 3521 1072 3572 armamenta
1087 3512 1205 3590 publica

110 3625 170 3663 non
183 3605 330 3676 redderet,
344 3604 394 3663 scd
410 3604 472 3682 ejus
487 3605 573 3664 etiam
587 3606 636 3682 qui
651 3605 762 3683 privata
786 3622 840 3662 sua
862 3603 1011 3662 venderet.
1054 3604 1119 3662 Tali
1141 3614 1204 3663 tum

41 3712 45 3719 ·
110 3707 352 3757 armamentorum
365 3697 396 3754 in
410 3697 481 3755 urbe
496 3698 617 3776 penuria
630 3698 825 3756 laborabatur.
866 3696 944 3774 Lege
957 3694 1027 3753 mihi
1042 3696 1206 3759 decretum.

537 3910 787 3972 DECRETUM.

155 4064 202 4120 13.
224 4060 381 4126 Reversus,
399 4055 532 4125 Judices,
552 4066 585 4114 ut
602 4056 710 4115 nemini
731 4073 791 4113 rem
817 4055 983 4132 permittere
998 4054 1205 4134 Theophemus

110 4157 203 4215 voluit
218 4156 254 4213 de
268 4152 364 4232 plagis
377 4169 450 4229 quas
472 4151 509 4207 ab
524 4170 558 4208 eo
573 4150 604 4208 id
620 4148 757 4226 temporis
772 4168 951 4226 acceperam,
963 4168 1030 4207 eum
1044 4149 1074 4207 in
1086 4150 1137 4228 jus
1155 4170 1206 4209 vo·

113 4261 211 4308 catum
223 4246 427 4307 verberationis
443 4243 586 4301 accusavi.
625 4244 779 4299 Cumvero
790 4242 889 4320 etipse
904 4241 971 4298 mihi
987 4241 1116 4299 vicissim
1127 4243 1206 4302 diem

113 4343 242 4412 dixisset,
253 4353 282 4400 et
295 4339 392 4400 arbitri
401 4336 514 4417 judicia
527 4336 678 4407 haberent,
694 4354 784 4411 quum
798 4335 835 4393 de
849 4354 938 4394 causa
951 4336 1206 4411 pronunciandum

107 4444 198 4509 esset,
214 4435 421 4517 Tlreophemus
437 4429 599 4509 excipiebat
620 4438 650 4489 et
666 4425 834 4489 differebat:
855 4447 913 4507 ego
926 4444 996 4486 vero
1010 4426 1104 4487 fretus
1124 4429 1208 4492 iuno·

392 4694 407 4725 Ἀ
