2662 4792
128 262 185 319 ill
468 256 640 317 CONTRA
663 258 881 321 CONONEM.

122 415 291 475 cederetur:
314 425 343 474 et
365 414 469 473 horum
489 415 630 494 cujusque
648 415 762 493 legibus
784 414 905 473 definita
922 425 992 474 sunt
1010 413 1217 495 supplicique

122 527 157 567 ea
169 506 297 589 cujusvis
319 507 469 566 iracundia
482 517 533 565 aut
547 506 686 568 arbitratu
702 506 913 585 judicarentur.
956 508 995 567 Et
1011 508 1079 569 haec
1098 506 1218 588 quidem

122 602 281 661 constituta
304 610 372 658 sunt
395 599 531 678 legibus:
557 610 589 659 at
612 599 637 658 si
664 599 768 659 Conon
794 599 908 672 dixerit,
930 600 1022 681 priapi
1038 620 1141 661 sumus
1164 618 1217 661 nos

122 692 240 773 quidam
255 692 439 771 congregati,
459 701 489 751 et
502 702 658 763 amatores,
675 702 706 753 et
719 712 793 772 quos
808 686 892 752 nobis
906 691 1000 753 risum
1018 703 1065 753 est
1082 694 1218 757 verbera·

122 806 187 846 mus
201 796 231 845 et
240 786 422 865 jugulamus,
436 805 489 844 vos
504 806 555 845 eos
571 805 639 845 cum
653 785 712 845 risu
726 784 904 846 absolvetisl
931 785 962 847 N
965 805 1004 845 on
1017 804 1089 851 sane
1105 786 1219 866 opinor.

120 878 227 957 Neque
245 878 323 938 enirn
338 889 466 939 restrum
480 878 614 958 cuiquam
629 878 723 938 ridere
736 878 881 950 libuisset,
896 877 921 937 si
932 897 1062 957 praesens
1078 876 1218 952 affuissem

121 990 187 1031 enm
202 971 332 1031 traherer
345 981 375 1031 et
388 990 527 1031 ensuerer
536 982 567 1031 et
581 970 766 1031 contumeliis
782 972 923 1043 afficerer,
937 980 969 1030 et
981 989 1071 1037 sanus
1082 991 1217 1051 messus

120 1063 239 1124 domum
263 1074 443 1145 reportarer;
467 1074 499 1123 et
520 1074 613 1124 mater
631 1084 697 1125 mea
714 1074 783 1143 post
806 1064 945 1136 exsiliret,
959 1074 990 1123 et
1013 1073 1116 1127 tantus
1141 1076 1218 1127 erra

120 1158 199 1237 apud
215 1179 269 1219 nos
286 1159 396 1219 clamor
413 1168 443 1218 et
461 1159 558 1218 luctus
577 1158 742 1229 mulierum,
757 1158 880 1238 perinde
902 1179 937 1219 ac
962 1157 987 1217 si
1009 1157 1076 1237 quis
1090 1158 1218 1231 obiisset,

120 1250 196 1311 adeo
210 1261 241 1310 ut
254 1262 285 1311 et
298 1253 458 1312 vicinorum
472 1252 592 1335 quidam
608 1252 647 1311 ad
668 1271 721 1313 nos
743 1252 900 1320 mitterent,
915 1251 966 1330 qui
979 1260 1218 1331 percontarentur

121 1347 286 1425 quidnobis
301 1347 468 1408 accidisset.

162 1443 191 1499 8.
213 1441 304 1501 Nullo
323 1452 401 1501 certe
424 1440 524 1511 modo,
537 1439 668 1511 ludices,
684 1439 769 1500 decet
791 1438 927 1518 cuiquam
945 1439 1006 1499 ulla
1019 1439 1057 1499 de
1070 1438 1217 1501 causale-

121 1533 262 1593 enltatem
280 1545 310 1595 et
333 1534 478 1594 licentiam
502 1532 564 1593 dari
583 1553 601 1592 a
617 1533 700 1593 vobis
715 1533 833 1612 impune
847 1552 900 1612 pro
921 1532 1041 1593 libidine
1061 1551 1118 1593 sua
1137 1551 1217 1612 gras·

120 1625 224 1685 sandi:
246 1627 292 1686 sin
310 1626 362 1685 ulli
383 1626 469 1689 venia
483 1624 583 1686 danda
596 1636 653 1699 est,
666 1625 711 1698 iis,
727 1624 776 1704 qui
789 1635 905 1705 propter
919 1636 1035 1686 aetatem
1050 1637 1104 1685 aut
1119 1624 1218 1687 adole·

119 1718 261 1777 scentiam
281 1719 341 1778 tale
366 1719 436 1797 quid
458 1730 561 1798 agunt,
575 1737 611 1778 ea
632 1718 771 1796 confugia
787 1717 963 1781 reservanda
976 1729 1057 1798 sunt,
1071 1715 1218 1797 arquatis

118 1810 190 1889 ipsis
211 1829 270 1869 non
291 1811 330 1870 ad
347 1810 559 1890 impunitatem,
579 1810 632 1870 sed
656 1809 696 1870 ad
714 1807 854 1889 legitima
875 1830 972 1889 poenoe
993 1810 1216 1890 mitigationem.

121 1902 179 1970 Qui
193 1914 291 1964 autem
301 1902 551 1984 quinquagenario
564 1903 655 1981 major
667 1902 834 1962 homiuibus
840 1903 1005 1982 junioribus
1020 1902 1218 1981 ridentisque

119 1994 193 2067 filiis,
207 2015 259 2057 eos
282 2005 380 2057 autem
404 1997 480 2057 adeo
504 2016 563 2057 non
585 1995 711 2057 deterret
730 2005 782 2055 aut
804 1995 947 2075 prohibet,
968 2006 1003 2055 ut
1024 1995 1088 2076 ipse
1107 1996 1171 2056 dux
1189 2002 1218 2056 et

119 2097 222 2149 auctor
235 2099 265 2148 et
277 2089 408 2149 omnium
423 2088 657 2149 uecordissimus
669 2087 718 2159 sit,
732 2106 792 2166 quo
802 2087 857 2149 iste
871 2088 1061 2168 dignoscetis
1075 2088 1138 2149 suis
1148 2107 1218 2169 sup·

119 2180 205 2259 plinio
217 2181 382 2242 afficietur?
414 2181 558 2262 Equidem
583 2181 607 2241 si
624 2180 823 2255 interficiatur,
835 2183 968 2241 nondum
984 2182 1082 2262 justas
1101 2180 1218 2243 dedisse

119 2294 223 2353 prenae
237 2275 384 2337 existimo.
426 2275 544 2335 Etenim
564 2274 588 2334 si
609 2272 682 2335 nibil
696 2274 757 2355 ipse
771 2274 974 2347 commisisset,
991 2274 1045 2334 sed
1059 2272 1096 2349 si,
1117 2294 1154 2335 eo
1166 2274 1217 2335 ad·

120 2378 226 2438 stante,
241 2367 356 2428 Ctesias
370 2368 446 2427 lilius
459 2368 522 2447 ejus
536 2387 582 2438 ea,
597 2387 664 2446 quae
677 2387 757 2426 nunc
769 2367 847 2440 fecit,
858 2368 1047 2447 designasset,
1062 2368 1216 2447 eumjuslo

119 2459 187 2519 odio
197 2460 454 2539 prosequeremini.
498 2459 622 2519 sienim
642 2459 686 2518 sic
698 2459 856 2521 educasset
869 2459 944 2520 filios
958 2479 1038 2529 suos,
1058 2471 1093 2519 ut
1107 2460 1138 2521 in
1149 2480 1216 2521 con·

119 2564 222 2631 spectu
245 2558 307 2626 ejus
338 2552 520 2611 committere
544 2571 579 2611 ea
604 2551 776 2630 praesertim,
800 2573 924 2632 qnorum
954 2554 1099 2615 nonnulla
1123 2552 1214 2633 capite

119 2646 232 2705 sancita
243 2656 322 2715 sunt,
334 2665 427 2722 nequa
440 2644 573 2703 timerent
588 2664 682 2723 neque
697 2647 911 2719 erubescerent,
926 2667 1012 2725 quam
1022 2634 1148 2725 'poenam
1162 2666 1216 2707 non

119 2738 258 2798 meruisse
287 2737 478 2798 existimatis?
523 2737 588 2815 Ego
606 2736 682 2795 enim
705 2737 774 2797 inde
798 2738 905 2818 colligo
924 2760 962 2798 ne
986 2739 1074 2799 istum
1100 2741 1214 2819 quidem

119 2850 204 2891 sunm
227 2832 351 2893 coluisse
364 2842 487 2910 patrem.
529 2831 607 2890 Nam
622 2829 646 2889 si
666 2851 733 2890 eum
756 2832 818 2911 ipse
838 2835 975 2893 coluisset
999 2855 1035 2894 ac
1055 2837 1212 2903 metuisset,

119 2924 194 2984 idem
209 2935 239 2984 et
252 2926 288 2984 ab
311 2925 373 2985 istis
388 2924 443 2983 sibi
455 2923 542 2983 tribui
557 2923 727 3001 postularet.

159 3020 185 3076 9.
205 3020 286 3098 Cape
299 3019 394 3097 legem
410 3018 448 3076 de
459 3016 645 3087 contumelia,
660 3028 690 3075 et
704 3019 824 3077 alteram
839 3019 877 3078 de
891 3020 1125 3098 grassatoribus:
1146 3022 1212 3082 istos

118 3113 194 3170 enim
210 3113 239 3170 in
255 3111 357 3170 harum
371 3122 524 3188 utramque
539 3109 719 3169 commisisse
734 3110 877 3173 videbitis.

624 3279 716 3336 LEX.

120 3399 173 3455 llis
192 3398 305 3476 legibus
320 3397 448 3474 utrisque
465 3394 569 3473 Conon
592 3394 652 3455 suis
670 3394 733 3455 istis
754 3393 840 3453 factis
855 3402 983 3452 tenetur:
1007 3416 1075 3455 nam
1095 3410 1126 3459 et
1146 3420 1213 3460 con-

118 3489 263 3548 tumeliam
278 3490 359 3560 fecit,
383 3499 413 3548 et
427 3488 554 3547 vestibus
570 3489 712 3567 spoliavit.
754 3488 836 3554 Quas
854 3488 877 3546 si
900 3486 929 3544 in
952 3486 1132 3552 ulciscendis
1154 3493 1213 3554 istis

118 3599 256 3658 usurpare
271 3579 424 3650 noluimus,
438 3589 467 3638 et
489 3599 542 3637 nos
565 3579 698 3639 homines
718 3577 808 3657 quieti
822 3578 1006 3656 modestique
1020 3580 1114 3643 videri
1128 3586 1214 3644 debe·

116 3692 192 3743 mus,
208 3681 238 3732 et
250 3672 305 3730 iste
320 3692 402 3750 aeque
418 3673 578 3750 improbus.
621 3674 709 3739 Quod
731 3672 754 3731 si
768 3671 839 3749 qnid
853 3672 921 3730 mihi
941 3672 1109 3749 accidisset,
1125 3678 1214 3737 caedis

117 3780 146 3826 et
159 3765 393 3846 gravissimarum
407 3784 556 3843 poenarnm
573 3776 652 3824 esset
667 3786 741 3825 reus.
777 3765 945 3824 Brauronira
959 3776 1038 3826 certe
1053 3770 1214 3831 sacerdotis

117 3872 238 3941 patrem,
254 3860 302 3939 qui
323 3868 357 3917 ut
377 3857 406 3916 in
420 3859 557 3917 confesso
571 3859 627 3918 suit
643 3861 705 3939 ipse
725 3859 909 3919 interfectum
923 3880 982 3919 non
998 3861 1147 3941 attigerat,
1162 3864 1214 3924 sed

115 3958 328 4016 interfectorem
339 3952 508 4012 cohortatus
521 3954 616 4013 luerat
629 3967 662 4015 nt
676 3954 811 4027 caederet,
819 3954 896 4033 ejicit
909 3954 938 4013 in
954 3956 1215 4021 exsiliumsenatus

116 4072 152 4110 ex
161 4052 326 4130 Areopago.
339 4046 455 4106 Merito.
472 4046 503 4103 Si
519 4047 595 4104 enim
606 4048 623 4105 ii
639 4050 688 4126 qui
703 4048 811 4108 adsunt
822 4047 895 4106 adeo
906 4068 963 4107 non
977 4050 1137 4128 prohibent
1151 4074 1214 4131 eos,

116 4145 165 4222 qui
179 4144 225 4204 vel
239 4163 291 4223 per
305 4141 473 4201 ebrietatem
489 4139 534 4196 vel
553 4160 589 4197 ex
610 4141 760 4201 iracundia
774 4139 819 4199 vel
835 4140 891 4200 alin
911 4144 1046 4221 quapiam
1066 4145 1107 4204 de
1122 4167 1215 4207 causa

116 4256 238 4314 peccare
251 4235 416 4305 instituunt,
431 4242 464 4290 ut
477 4231 530 4310 ipsi
542 4233 629 4291 etiam
643 4235 773 4305 incitent,
790 4234 871 4292 nulla
885 4255 953 4314 spes
965 4236 1066 4296 salutis
1079 4250 1217 4319 superest

114 4328 201 4405 siqui
220 4331 249 4388 in
267 4328 398 4388 homines
421 4324 588 4405 petulantes
612 4325 756 4397 inciderit,
772 4325 823 4385 sed
846 4328 955 4387 tamdiu
975 4348 1075 4388 eorum
1092 4333 1216 4394 ferenda

103 4422 281 4496 protervitas
296 4421 359 4489 erit,
375 4419 445 4479 dnm
460 4418 513 4499 ipsi
529 4418 745 4497 defatigantur:
769 4419 796 4477 id
812 4420 892 4497 quod
909 4420 977 4479 mihi
993 4422 1109 4483 accidit.

319 4712 353 4750 ,Ἀ
