2662 4792
628 634 682 698 v1.
735 696 741 711 ,

288 816 358 893 ΑΙ)
398 814 643 894 SENATUM
684 813 1037 904 POPULUMQUE

469 965 851 1046 ATHENIENSEM.

177 1278 180 1283 Ι
241 1303 551 1367 DEMOSTHENES
571 1304 749 1366 SENATUI
770 1302 1022 1373 POPULOQUE
1044 1306 1075 1362 S.

151 1458 317 1518 Renum
335 1471 403 1520 sunt
416 1461 454 1521 ab
468 1460 623 1541 Antiphilu
636 1461 728 1522 literoe
747 1460 862 1522 senatui
875 1459 1032 1533 sociorum,
1045 1460 1124 1519 bons
1136 1460 1202 1538 qui·

108 1550 178 1611 dem
202 1561 372 1632 exspectare
395 1552 559 1614 volentibus
583 1555 697 1635 seriptoe
711 1554 874 1628 commode,
895 1553 949 1614 sed
967 1571 1033 1632 quae
1054 1551 1203 1633 Antiputri

108 1643 248 1703 ministris
261 1644 369 1705 multos
382 1655 413 1707 et
426 1646 558 1708 difficiles
572 1666 720 1709 sermones
733 1646 932 1729 suppeditent,
946 1644 996 1725 qui
1016 1644 1144 1725 acceptis
1164 1646 1201 1705 ab

111 1738 266 1818 Antipatro
288 1737 380 1799 literis
409 1740 446 1801 ad
472 1739 654 1802 Dinarchum
675 1741 848 1802 Corinthum
874 1738 970 1801 missis
991 1756 1094 1799 omnes
1115 1736 1203 1798 Pelo·

109 1832 232 1911 ponnesi
254 1832 342 1891 urbes
356 1831 390 1893 iis
404 1833 586 1895 sermonibus
608 1835 810 1915 impleverunt,
829 1851 904 1913 quos
926 1832 957 1892 in
969 1832 1085 1893 illorum
1104 1833 1204 1912 cupita

110 1922 151 1983 dii
173 1932 355 1985 convertunt.
397 1925 474 1987 Cum
495 1946 563 1987 vero
590 1927 650 1987 huo
668 1928 849 2007 pervenisset
869 1926 926 1985 iste
947 1924 997 2004 qui
1018 1944 1096 1984 nuno
1119 1923 1204 1985 adest

109 2036 177 2077 oum
202 2037 269 2079 meo
295 2018 448 2080 tabellario
480 2019 580 2079 literas
605 2021 716 2080 serente
741 2039 761 2078 a
785 2018 961 2080 Polemoesto
982 2017 1021 2077 ad
1050 2015 1204 2096 Epiniouur

109 2108 239 2185 irenem,
252 2111 348 2170 virum
361 2112 449 2171 vestri
467 2111 632 2171 studiosum
651 2121 682 2171 et
703 2111 760 2170 mei
775 2119 930 2180 amentem,
944 2118 1032 2189 atque
1044 2109 1082 2169 ab
1095 2106 1145 2167 illo
1164 2106 1204 2166 ud

110 2220 157 2264 me
167 2202 326 2285 perductus
338 2214 427 2276 esset,
442 2223 500 2284 ego
514 2203 614 2264 audito
628 2203 732 2264 nuntio
745 2221 813 2263 eum
824 2202 863 2262 sd
876 2221 928 2262 vos
946 2200 1120 2261 minendum
1133 2218 1204 2259 cen-

110 2296 165 2370 sui,
185 2305 230 2371 ut,
244 2295 397 2377 perspicue
416 2300 502 2359 rebus
526 2296 661 2357 omnibus
683 2316 751 2376 quus
767 2295 799 2355 in
817 2295 920 2356 oustris
937 2294 1107 2356 aeciderunt
1118 2314 1155 2356 ox
1167 2312 1205 2353 eo

109 2390 159 2471 qui
172 2400 235 2451 tum
247 2390 350 2471 praelio
362 2390 494 2452 interfuit
506 2390 624 2464 auditis,
636 2402 667 2451 et
687 2391 718 2450 in
733 2389 890 2471 praessntia
909 2388 994 2451 bouis
1012 2387 1114 2449 animis
1130 2387 1204 2461 sitis,

112 2483 267 2563 etreliqua
288 2483 344 2543 diis
364 2483 440 2545 bene
462 2482 678 2546 fortunentibur
698 2482 770 2545 tulis
789 2484 863 2558 fore,
875 2482 975 2563 qualia
987 2482 1085 2556 vultis,
1099 2499 1204 2561 exspe-

113 2575 210 2637 ctetis.
250 2574 366 2636 Velete

419 3186 551 3230 mum
574 3178 905 3225 luuuttrttu'rmouls

464 3319 598 3361 OPERUM
622 3311 857 3357 nuuosrussuls

598 3454 717 3513 FlNlS.
