2662 4792
116 277 174 335 670
451 277 495 335 ΙΝ
518 276 871 338 OLYMPlODORUM.

115 430 258 503 veniebat,
280 430 311 489 id
331 430 411 509 quod
431 429 501 489 mibi
522 431 609 490 etiam
628 450 709 490 nunc
727 430 885 489 usuvenit.
928 429 1105 507 Quanquam
1118 428 1206 499 enirn,

115 522 245 595 Judices,
258 522 371 601 litigare
384 520 680 603 cumOlympiodoro
693 520 776 582 affine
796 541 862 581 meo
882 520 959 599 (ejus
980 518 1058 578 enim
1079 538 1207 579 sororem

114 615 145 674 in
164 617 346 675 matrimonio
359 615 468 690 habeo)
480 634 539 674 non
552 615 630 687 volo,
649 616 762 695 magnis
781 624 881 674 tamen
899 612 961 691 ejus
981 610 1092 690 injuriis
1108 632 1207 693 cogor.

116 707 205 776 Quod
229 708 255 767 si
279 707 361 767 nulla
379 706 482 787 injuria
500 709 665 779 lacessitus,
679 708 812 780 Judices,
825 706 877 767 sed
901 725 954 785 per
977 704 1157 766 calumniam
1179 715 1209 765 et

113 799 298 860 mendacium
312 820 379 861 eum
392 820 569 873 accusarem,
584 812 636 862 aut
645 799 869 867 controversiam
883 799 954 859 meis
965 808 995 857 et
1005 798 1209 878 Olympiodori

114 891 303 954 familiaribus
322 893 486 973 permittere
510 893 679 966 noluissem,
693 906 745 953 aut
765 893 854 953 ullam
870 891 957 951 aliam
974 891 1144 969 aequitatem
1157 891 1208 952 de·

113 993 297 1059 trectassem,
311 986 380 1045 mihi
401 986 518 1058 credite,
533 987 720 1047 vehementer
740 987 939 1046 erubescerem
954 993 983 1043 et
1000 1002 1047 1042 me
1060 984 1209 1069 bominem

114 1096 181 1137 esse
201 1078 365 1159 improbum
389 1079 602 1138 existimarem:
631 1100 709 1140 nunc
733 1098 827 1158 neque
854 1076 948 1156 parvis
969 1076 1151 1149 detrimentis
1172 1078 1210 1137 ab

115 1168 328 1249 Olympiodoro
351 1171 489 1251 acceptis,
513 1191 608 1250 neque
636 1181 819 1252 sequestrum
844 1171 936 1229 ullum
963 1168 1091 1249 fugiens,
1114 1188 1209 1249 neque

113 1262 213 1335 etiam,
227 1264 330 1324 Jorem
346 1263 497 1343 Optimum
524 1263 687 1323 Maximum
704 1275 806 1337 testor,
820 1264 908 1335 ultro,
923 1261 977 1321 sed
993 1280 1081 1340 quam
1099 1262 1209 1323 inritis·

114 1354 215 1429 airuns,
227 1364 349 1417 coactus
364 1358 401 1416 ab
411 1356 469 1417 isto
480 1375 545 1416 sum
557 1355 614 1417 hoc
628 1356 724 1416 subire
734 1357 886 1436 judicium.
927 1356 1026 1423 Quare
1040 1374 1094 1415 ros
1107 1373 1209 1415 omnes

112 1446 256 1527 inprimis
278 1467 358 1528 rogo,
372 1448 506 1521 ludices,
520 1459 554 1509 ut
571 1460 702 1509 nostrum
715 1461 837 1527 unoque
853 1447 963 1520 audito,
973 1458 1003 1506 et
1014 1447 1069 1527 ipsi
1084 1468 1211 1509 censura

113 1540 156 1601 rei
178 1551 316 1621 suscepta
337 1562 390 1600 nos
414 1540 616 1601 reconciliatos
640 1541 799 1613 dimittatis,
816 1551 847 1600 et
868 1541 906 1600 de
928 1551 1054 1619 utroque
1078 1550 1209 1619 nostrum

112 1632 190 1691 bene
204 1633 390 1694 mereamini:
412 1634 457 1693 sin
474 1634 506 1694 id
525 1635 667 1713 consequi
690 1654 749 1694 non
763 1634 926 1715 potueritis,
941 1644 974 1692 ut
997 1632 1035 1693 de
1058 1644 1166 1695 cratero
1183 1634 1209 1695 ei

113 1724 164 1801 qui
177 1742 296 1784 causam
316 1725 463 1785 meliorem
477 1726 567 1785 habet
586 1726 793 1806 suffragemini.
834 1730 880 1786 Ac
897 1726 1022 1805 primum
1044 1728 1211 1788 testimonia

112 1814 323 1889 recitabuntur,
337 1818 416 1878 unde
440 1819 591 1898 apparebit
610 1838 663 1899 per
683 1839 731 1879 me
752 1838 811 1878 non
829 1838 895 1878 esse
910 1819 1032 1891 factum,
1047 1829 1082 1880 ut
1093 1822 1124 1881 in
1132 1819 1210 1901 judi·

113 1904 190 1966 cium
201 1909 357 1981 veniretur,
372 1910 423 1970 sed
438 1931 491 1991 per
503 1911 592 1971 istum
607 1912 713 1993 ipsum.
756 1912 860 1972 Recita
872 1912 1048 1973 testimonia.

526 2163 795 2223 TESTIMONIA.

112 2310 165 2371 Me
180 2310 278 2390 igitur,
292 2310 425 2383 Judices,
440 2319 473 2369 et
491 2329 591 2387 aeques
605 2320 634 2368 et
654 2306 862 2368 convenientes
882 2307 1095 2388 Olympiodoro
1109 2308 1208 2369 tulisse

110 2402 306 2474 conditiones,
332 2403 480 2462 testificati
507 2401 527 2460 ii
550 2413 620 2461 suut
644 2402 693 2480 qui
716 2401 928 2461 interfuerunt:
963 2421 1055 2478 quum
1070 2423 1141 2463 vero
1163 2402 1207 2465 ille

109 2516 231 2576 prorsus
245 2495 322 2573 aequi
336 2495 407 2553 nihil
422 2494 576 2553 admittere
597 2493 731 2566 voluerit,
745 2514 868 2553 necesse
888 2505 934 2552 est
957 2494 1038 2573 apud
1052 2515 1111 2580 vos,
1123 2514 1208 2575 expo-

110 2608 180 2647 nere
192 2588 299 2666 quibus
314 2587 424 2646 afficiar
439 2586 475 2645 ab
488 2586 700 2666 Olympiodoro
715 2586 836 2666 injuriis.
878 2586 979 2646 Brevis
994 2599 1094 2647 autem
1110 2607 1145 2649 ea
1157 2586 1209 2647 erit

111 2680 214 2740 oratio.

151 2777 181 2832 2.
196 2772 299 2831 Conon
308 2770 474 2829 Halaeensis
483 2782 625 2849 cognatus
636 2780 733 2829 noster
741 2771 806 2843 fuit,
821 2771 953 2831 ludices.
984 2773 1014 2832 Is
1030 2773 1137 2832 Conon
1148 2773 1206 2832 siue

108 2863 208 2925 liberis
231 2862 366 2936 decessit,
391 2884 458 2923 curn
481 2863 597 2924 omnino
613 2884 701 2943 parvo
721 2874 852 2944 ternpore
872 2863 1071 2938 decubuisset,
1093 2864 1207 2945 grandis

109 2970 180 3021 natu
195 2979 262 3020 oum
276 2967 447 3017 moreretur.
489 2958 553 3036 Ego
572 2978 638 3017 curn
657 2978 723 3017 eum
742 2977 802 3016 non
815 2978 902 3038 posse
917 2959 1042 3018 evadere
1065 2960 1207 3031 sentirem,

109 3052 247 3114 accersivi
261 3051 512 3131 olympiodorum,
528 3062 562 3110 ut
577 3051 695 3110 adesset
714 3071 829 3129 unaque
843 3053 993 3111 nobiscum
1013 3063 1130 3112 curaret
1144 3070 1208 3131 quaa

110 3147 249 3206 decerent
270 3144 387 3205 omnia:
411 3144 637 3225 Olympiodorus
658 3144 756 3222 igitur,
770 3144 902 3215 ludices,
918 3155 951 3204 ut
965 3145 1003 3203 ad
1024 3166 1069 3205 me
1088 3146 1167 3205 venit
1180 3156 1209 3203 et

111 3240 149 3298 ad
163 3258 291 3298 sororem
305 3256 399 3306 suam,
412 3258 531 3297 uxorem
547 3258 650 3308 meam,
663 3257 721 3295 una
736 3236 886 3296 nobiscum
901 3238 1000 3296 omnia
1014 3249 1108 3298 curat.
1131 3240 1208 3296 Dum

109 3352 178 3390 vero
194 3352 246 3389 nos
262 3332 316 3390 hac
330 3350 400 3389 cura
414 3351 602 3410 occupamur,
612 3330 809 3409 eximproviso
821 3331 858 3389 ad
869 3350 914 3388 me
928 3332 1098 3391 verbafacit
1108 3332 1210 3410 Olym-

108 3423 260 3501 piodorus,
276 3432 397 3480 matrem
420 3442 536 3501 quoque
557 3444 638 3482 suam
660 3434 816 3502 cognatam
837 3444 901 3482 esse
923 3425 1040 3482 Cononi
1059 3425 1210 3496 defuncto,

110 3535 227 3594 aequum
243 3514 328 3592 igitur
344 3535 407 3573 esse
422 3528 454 3573 ut
468 3516 497 3573 in
511 3526 622 3594 partem
643 3517 753 3575 veniret
767 3516 894 3574 omnium
910 3518 1055 3575 bonorum
1070 3539 1137 3597 quae
1152 3520 1212 3577 Co-

110 3627 169 3666 non
184 3606 356 3683 reliquisset.
398 3607 462 3684 Ego
477 3628 556 3677 vcro,
566 3608 698 3680 Judices,
713 3608 763 3685 qui
775 3608 876 3668 scirem
892 3629 959 3667 eum
972 3611 1089 3669 mentiri
1103 3622 1133 3670 et
1146 3631 1212 3690 per-

109 3700 213 3759 fricare
228 3700 350 3757 frontem
365 3698 632 3778 instituissc,.qnod
646 3720 731 3768 uerno
746 3700 820 3759 alius
836 3702 952 3760 Cononi
971 3722 1079 3780 genere
1092 3705 1211 3782 propior

109 3803 187 3852 esset
200 3810 287 3868 quum
302 3809 367 3867 ego,
382 3791 503 3868 primum
527 3812 614 3872 quum
636 3794 717 3870 potui
738 3792 907 3870 gravissime
922 3814 986 3851 sum
1001 3809 1168 3855 commotus
1182 3808 1213 3856 et

108 3882 277 3964 indignatus
292 3885 328 3942 ob
343 3870 552 3962 impudentiam
567 3885 723 3944 orationis:
746 3885 852 3943 deinde
865 3906 978 3945 mecum
990 3888 1050 3965 ipse
1062 3900 1214 3967 reputans,

108 4001 156 4042 me
178 3999 236 4037 non
259 3979 429 4055 tempestive
452 3977 548 4050 irasci,
567 3979 743 4057 respondeo,
768 3978 940 4037 defunctum
962 3980 1164 4057 sepeliendum
1184 3983 1214 4041 in

107 4073 263 4153 praesentia
277 4080 306 4128 et
319 4069 376 4128 alia
385 4070 467 4147 justa
481 4070 507 4127 ei
521 4070 716 4148 persolvenda
728 4091 809 4139 esse;
831 4092 896 4148 quae
921 4072 968 4129 nbi
988 4074 1087 4132 omnia
1108 4088 1215 4134 curata

109 4177 218 4235 essent,
233 4175 293 4222 turn
319 4164 395 4222 inter
419 4182 473 4221 nos
496 4162 573 4221 velle
593 4163 767 4242 disceptare.
811 4166 886 4242 lpse,
909 4163 1042 4235 ludices,
1064 4169 1215 4226 concessit

107 4259 184 4330 hacc,
208 4269 285 4317 recte
312 4276 358 4315 nrc
382 4256 479 4315 dicore
502 4276 655 4315 assensus:
678 4270 830 4334 postquam
855 4269 952 4316 autern
969 4260 1056 4333 justis
1076 4262 1214 4320 omuibus

105 4351 262 4429 persolutis
277 4351 383 4410 reversi
398 4370 509 4421 sumus,
525 4350 672 4409 accersitis
689 4352 823 4410 omnibus
838 4351 971 4429 cognatis
985 4350 1061 4410 inter
1076 4374 1131 4413 nos
1150 4354 1212 4432 jam
