2662 4792
153 261 216 321 734
432 262 599 323 CONTRA
622 260 976 322 DlONYSODORUM.

153 418 376 498 oppigneratam
398 418 514 491 habeat,
539 419 725 478 nihilominus
743 418 773 476 in
794 426 986 495 conspectum
1005 425 1134 475 vestrum
1150 416 1249 494 prodi·

154 512 219 583 erit,
234 511 316 571 nobis
339 532 458 591 poenam
482 522 590 570 temere
614 509 790 589 litigantium
813 510 948 568 nimirum
966 508 1147 586 irrogaturus
1169 518 1200 568 et
1217 508 1248 569 in

154 602 334 665 domicilium
348 601 442 681 plebis
456 601 651 681 conjecturas,
664 600 816 660 fraudasse
833 621 894 660 non
914 610 1080 659 contentus.
1122 594 1248 659 Oramus

153 694 253 775 igitur,
270 694 473 763 Athenienses,
486 705 516 754 et
529 696 707 754 obtestamur
719 713 771 752 vos
785 693 893 772 pariter
904 713 1005 752 omnes
1019 703 1053 751 ut
1065 712 1121 752 nos
1131 692 1249 773 juvetis,

154 790 179 848 si
200 787 279 847 affici
298 786 430 847 videmur
452 787 573 867 injuriis.
614 786 791 866 Principium
810 793 909 845 autem
932 795 1103 845 contractus
1124 786 1250 864 primum

153 881 236 941 vobis
248 880 418 959 explicabo:
434 882 475 941 sic
487 881 564 940 enim
574 898 751 959 vosquoque
764 899 884 939 causam
898 878 1060 939 rectissime
1074 876 1251 959 intelligetis.

195 977 226 1032 2.
247 973 481 1053 Dionysodorus,
495 974 705 1043 Athenienses,
720 982 750 1033 et
764 973 860 1032 socius
881 972 945 1051 ejus
961 972 1251 1033 Parmeniscusoon-

154 1086 260 1127 venere
275 1088 330 1126 nos
344 1086 422 1127 anno
436 1068 581 1146 superiore
598 1086 698 1126 mense
717 1065 851 1136 Quintili,
865 1085 958 1143 seque
977 1065 1104 1125 mutuari
1116 1066 1195 1125 velle
1212 1064 1251 1125 ad

153 1178 258 1220 navem
272 1159 417 1232 dixerunt,
430 1160 465 1220 iis
478 1160 695 1219 conditionibus
717 1170 749 1219 ut
763 1159 793 1217 in
808 1159 967 1239 AEgyptum
988 1158 1161 1236 navigarent
1173 1170 1253 1221 etex

156 1250 285 1332 AEgypto
299 1251 438 1311 Rhodum
452 1261 504 1312 aut
517 1252 659 1324 Athenas,
672 1249 800 1331 stipulati
814 1272 846 1311 se
865 1271 968 1309 usuras
988 1251 1017 1308 in
1041 1251 1183 1311 alterutro
1201 1250 1255 1313 ho·

154 1363 219 1407 rum
233 1357 413 1405 mercatuum
428 1347 587 1406 soluturos.
628 1344 721 1404 Nobis
736 1356 833 1425 autem
848 1343 1106 1423 respondentibus,
1119 1343 1253 1417 Judices,

154 1428 450 1516 noshaudquaquam
471 1439 501 1497 in
523 1438 611 1498 aliurn
632 1448 792 1497 mercatum
806 1456 893 1515 quarn
907 1436 1038 1495 Athenas
1058 1444 1254 1510 mutuaturos,

155 1529 199 1589 sic
216 1530 390 1607 pollicentur
410 1551 442 1589 se
465 1530 525 1589 huc
548 1530 746 1608 navigaturos,
760 1538 846 1608 atquc
866 1528 914 1589 his
933 1527 1027 1607 pactis
1049 1538 1222 1589 mutuantur
1236 1548 1256 1589 a

155 1622 241 1680 nobis
256 1622 293 1679 ad
309 1642 411 1680 navem
425 1632 469 1681 ter
483 1622 561 1681 mille
575 1621 728 1682 drachmas
742 1623 818 1680 ultro
832 1623 971 1700 citroque,
987 1631 1017 1680 et
1029 1641 1066 1680 ea
1080 1621 1119 1680 de
1133 1642 1165 1682 re
1185 1640 1256 1702 syn·

155 1713 296 1792 grapham
318 1715 562 1792 conscripserunt.
611 1715 645 1773 In
669 1725 756 1793 pacto
776 1714 865 1792 igitur
888 1713 1014 1773 creditor
1031 1713 1189 1793 inscriptus
1210 1726 1258 1776 est

157 1805 336 1884 Pamphilus,
356 1826 412 1884 ego
426 1826 494 1867 vero
517 1817 597 1867 extra
614 1807 810 1887 syngrapham
825 1808 971 1885 particeps
991 1826 1058 1865 cum
1081 1827 1118 1867 eo
1135 1806 1258 1869 creditoe

155 1898 288 1977 pecuniae
300 1895 352 1957 fui.
394 1898 541 1978 inprimis
555 1908 652 1958 autem
666 1899 750 1958 vobis
764 1898 934 1979 syngrapha
955 1899 1021 1977 ipsa
1034 1898 1215 1963 recitabitur.

574 2128 838 2191 SYNGRAPHA.

158 2270 204 2330 Ex
225 2272 283 2332 hac
306 2274 485 2353 syngrapha,
499 2274 633 2346 Judices,
655 2274 781 2353 acceptis
802 2292 820 2330 a
842 2274 925 2331 nobis
949 2273 1092 2351 pecuniis,
1107 2274 1259 2355 DIonyso-

159 2363 247 2424 dorus
271 2374 301 2424 et
324 2366 424 2425 socius
444 2371 506 2441 ejus
521 2366 726 2426 Parmeniscus
745 2385 849 2425 navem
868 2364 934 2424 hinc
948 2366 978 2424 iu
993 2365 1154 2446 AEgyptum
1170 2368 1259 2429 mise-

154 2466 241 2516 runt:
262 2476 297 2517 ac
312 2457 518 2518 Parmeniscus
532 2460 561 2517 in
580 2480 655 2518 nave
669 2470 714 2517 est
726 2470 840 2528 vectus,
855 2458 908 2516 iste
923 2458 972 2517 hic
985 2458 1136 2519 remansit.
1181 2460 1259 2521 Fue·

157 2558 226 2606 runt
247 2549 334 2617 enirn,
357 2550 489 2620 Judices,
504 2571 540 2608 ue
560 2552 617 2609 hoc
641 2550 790 2628 ignoretis,
804 2550 926 2608 ministri
947 2560 978 2609 et
995 2551 1146 2630 adjutores
1170 2554 1257 2613 Cleo'·

157 2640 251 2697 menis
276 2639 352 2697 illius
380 2641 428 2716 qui
452 2642 482 2698 in
503 2642 631 2719 AEgypto
655 2641 816 2719 imperavit,
840 2642 900 2717 qui,
923 2662 958 2700 ex
980 2661 1038 2720 quo
1062 2644 1257 2724 principatum

159 2731 295 2809 suscepit,
310 2752 368 2790 uon
389 2733 491 2809 paucis
511 2733 592 2790 malis
608 2733 705 2791 affecit
725 2734 933 2810 rempublicam
948 2746 1086 2806 vestram,
1102 2757 1137 2796 ac
1159 2738 1256 2816 potius

159 2824 284 2902 reliquos
307 2826 392 2884 etiarn
409 2826 531 2885 Graecos
556 2827 681 2885 emendo
701 2836 731 2885 et
754 2827 940 2886 revendendo
960 2839 989 2887 et
1011 2830 1103 2907 pretio
1121 2831 1258 2891 frumenti

158 2918 326 2988 statuendo,
337 2939 401 2976 curn
416 2920 477 2997 ipse
492 2939 544 2997 per
556 2939 587 2976 se
599 2932 660 2977 tum
672 2919 719 2977 isti
733 2939 800 2977 curn
812 2939 857 2976 eo.
882 2921 958 2977 Nam
970 2941 1070 2980 eorum
1083 2922 1132 2981 alii
1144 2942 1255 2983 merces

159 3032 195 3070 ex
210 3014 336 3091 AEgypto
350 3013 515 3083 mittebant,
531 3011 580 3071 alii
595 3012 632 3071 ad
654 3013 880 3090 negotiationem
900 3015 1129 3093 adnavigabant,
1145 3018 1194 3077 alii
1208 3018 1254 3078 bic

160 3108 318 3164 manebant
331 3106 434 3165 allatas
448 3126 559 3167 merces
574 3105 751 3165 distracturi.
794 3106 909 3164 Deinde
924 3128 977 3185 pro
991 3111 1151 3169 constituto
1165 3110 1255 3190 pretio

159 3196 257 3257 literas
278 3201 430 3257 mittebant
450 3200 469 3257 ii
490 3200 540 3276 qui
560 3198 608 3257 hic
632 3208 715 3258 erant
736 3199 770 3257 iis
789 3199 837 3278 qui
858 3199 990 3275 aberant,
1007 3212 1050 3272 ut,
1065 3203 1088 3260 si
1111 3204 1189 3282 apud
1203 3222 1254 3262 nos

160 3311 259 3350 carum
274 3303 353 3351 esset
366 3292 552 3362 frumentum,
573 3293 633 3352 huc
647 3293 806 3352 veherent:
829 3294 873 3350 siu
888 3293 972 3351 vilius
987 3306 1065 3353 essct
1080 3295 1203 3366 factum,
1218 3294 1254 3355 ad

161 3383 248 3442 alium
264 3396 421 3443 mercatum
437 3384 629 3462 appellerent.
663 3386 751 3445 Unde
763 3406 888 3445 annonae
903 3386 1037 3464 pretium,
1051 3387 1183 3462 Judices,
1197 3408 1254 3449 non

159 3495 261 3554 parurn
277 3487 391 3535 auctum
404 3487 449 3535 est
462 3498 513 3555 per
527 3479 601 3537 tales
615 3479 712 3538 literas
727 3492 757 3538 et
771 3491 888 3538 mutuas
903 3499 1015 3557 operas.

202 3571 229 3627 3.
252 3569 327 3626 Cum
340 3569 428 3646 igitur
441 3570 510 3629 hinc
523 3571 672 3630 mitterent
685 3593 798 3643 navem,
814 3570 884 3630 satis
905 3592 1005 3630 carum
1019 3572 1199 3632 frumentum
1213 3592 1256 3633 re·

160 3664 322 3742 liquerunt:
343 3666 531 3740 quamobrem
546 3666 632 3723 etiam
646 3668 674 3724 in
690 3667 884 3744 syngrapham
900 3665 1053 3723 inscribere
1067 3686 1127 3724 non
1141 3686 1256 3725 recusa·

160 3768 228 3816 runt
241 3776 272 3814 se
287 3754 420 3813 Athenas
434 3755 632 3832 navigaturos,
647 3757 720 3815 etin
735 3757 849 3815 nullum
864 3758 952 3816 aliurn
966 3769 1137 3817 mercatum.
1175 3758 1256 3829 Post,

160 3849 291 3921 Judices,
307 3868 374 3906 curn
395 3847 561 3906 Sicilienses
576 3869 667 3909 naves
681 3850 871 3927 appulissent,
887 3862 917 3908 et
931 3850 1065 3908 frumenti
1080 3851 1174 3928 pretia
1187 3870 1257 3929 pau·

160 3944 242 4003 latim
269 3942 478 4014 minuerentur,
502 3956 532 3999 et
559 3944 641 4001 navis
671 3944 793 4002 istorum
819 3944 848 4001 in
879 3944 1036 4021 AEgyptum
1067 3936 1257 4020 pervenisset,

162 4037 260 4095 statim
274 4036 328 4094 iste
342 4033 499 4112 quemdam
513 4033 652 4092 Rhodum
666 4035 754 4094 mittit
768 4036 805 4094 ad
815 4036 1029 4094 Parmeniscum
1043 4037 1154 4094 socium
1170 4038 1218 4114 qui
1232 4037 1259 4096 ei

162 4128 298 4188 nostratis
323 4147 448 4186 annonae
472 4126 612 4185 rationem
636 4128 803 4207 explicaret,
829 4128 899 4187 satis
922 4130 998 4186 enirn
1019 4128 1130 4186 sciebat
1156 4148 1260 4189 navem

161 4221 327 4282 necessario
342 4220 439 4279 Rhodi
454 4219 651 4299 appulsuram.
694 4222 735 4279 Ut
749 4222 859 4290 finiani,
875 4222 1002 4301 acceptis
1017 4222 1054 4279 ab
1069 4221 1124 4278 isto
1142 4221 1260 4282 Parme-

161 4312 263 4374 niscus
290 4314 392 4387 literis,
413 4324 443 4372 et
466 4323 543 4373 stato
568 4312 614 4371 hic
642 4313 777 4374 frumenti
799 4315 891 4394 pretio
919 4316 1049 4393 cognito,
1078 4315 1259 4374 trumentum

163 4403 262 4467 Rhodi
284 4422 431 4479 exonerat,
456 4407 551 4486 ibique
576 4407 722 4479 distrahit,
738 4409 874 4488 neglecta
898 4420 928 4469 et
948 4408 1100 4487 scriptura,
1123 4408 1259 4479 Judices,
