2662 4792
630 479 667 538 V.

360 662 430 736 AD
467 656 948 737 HERAOLEODORUM.

610 858 707 875 ..nn-⁰

289 976 606 1038 DEMOSTHENES
628 971 974 1037 HERACLEODORO
998 969 1030 1030 S.

149 1160 233 1229 Quas
245 1158 315 1219 mihi
328 1159 514 1220 Menecrates
534 1158 693 1228 nunciavit,
708 1157 745 1217 iis
762 1176 819 1235 ego
834 1174 891 1216 nec
902 1153 1030 1213 tribucre
1048 1149 1135 1211 fidem
1146 1170 1193 1211 nae

108 1255 250 1333 abrogare
274 1272 404 1333 possum.
445 1251 528 1311 Dixit
552 1251 629 1312 enim
650 1248 810 1331 Epitimum
822 1249 859 1309 ab
875 1247 970 1307 Arato
984 1254 1016 1306 et
1028 1243 1154 1306 delatum
1169 1254 1194 1303 et

108 1346 270 1407 abductum
287 1365 353 1406 esse
366 1345 396 1405 in
410 1364 568 1418 carcerem,
581 1354 611 1405 te
624 1363 693 1404 vero
710 1361 834 1405 causam
844 1360 933 1423 agere
947 1349 978 1399 et
996 1337 1126 1399 omnium
1138 1356 1197 1397 esre

109 1439 284 1499 acerrimum
298 1438 362 1518 ejus
375 1437 500 1499 hostem.
541 1438 584 1497 Te
603 1436 692 1517 igitur
705 1454 758 1516 per
771 1434 876 1497 Jorem
891 1431 1078 1512 Hospitalem
1090 1448 1197 1491 omnes·

109 1550 168 1610 que
192 1531 266 1591 deos
290 1530 430 1603 obtestor,
443 1549 482 1591 ne
504 1548 595 1609 quam
617 1528 688 1589 mibi
707 1526 873 1589 molestiam
893 1537 925 1587 et
947 1524 1079 1605 dolorem
1102 1524 1198 1604 parus.

111 1621 312 1704 Praeterquam
336 1624 416 1683 enim
435 1623 517 1702 quod
540 1621 659 1702 Epitimi
678 1621 760 1681 salus
779 1618 850 1681 mihi
868 1638 945 1681 eurae
960 1628 1017 1693 cst,
1029 1627 1061 1677 et
1080 1614 1200 1697 quodsi

111 1713 183 1792 quid
196 1714 223 1772 ei
238 1713 387 1773 acciderat
409 1734 550 1793 magnum
569 1713 716 1794 mihiipsi
735 1713 847 1773 malum
867 1711 931 1772 dari
950 1710 1112 1785 rideretur,
1123 1720 1202 1791 tuque

109 1807 173 1887 ejus
188 1806 362 1867 calamitatis
376 1817 478 1869 auctor
491 1807 519 1867 ei
531 1825 621 1879 esses,
634 1807 759 1887 puderet
778 1825 826 1865 me
849 1805 938 1866 etiam
956 1823 1057 1866 eorum
1077 1805 1129 1885 qui
1139 1824 1203 1867 oon·

112 1899 165 1961 soii
178 1908 265 1970 sunt,
274 1899 345 1979 quid
359 1900 396 1960 ad
411 1920 513 1961 omnes
534 1898 667 1960 hommes
682 1899 721 1959 de
742 1910 773 1960 te
790 1898 923 1972 dixerim,
943 1897 1072 1959 confisus
1085 1916 1133 1959 ne
1145 1917 1206 1961 vera

111 1995 203 2075 loqui,
216 2015 247 2055 re
268 2013 329 2054 nou
353 1994 473 2075 quidem
496 2015 512 2054 e
534 1992 728 2054 familiaribus
746 1991 954 2071 congressibus
975 1998 1143 2070 comperta,
1159 1988 1207 2053 sed
1232 2010 1237 2029 ·

111 2089 193 2170 quod
215 2097 246 2149 te
270 2097 302 2148 et
324 2088 500 2149 auctoritate
521 2085 678 2167 praeditum
697 2096 729 2147 et
747 2084 941 2147 eruditionem
964 2083 1134 2164 amplexum
1148 2102 1208 2145 uss

114 2182 259 2263 ridebam,
273 2200 340 2242 eam
352 2180 515 2261 pracsertim
529 2200 595 2261 qum
608 2180 639 2239 in
652 2179 756 2240 schola
768 2177 902 2238 Platonis
922 2174 1061 2251 traditur,
1073 2196 1141 2257 quae
1152 2196 1209 2238 om·

113 2277 185 2345 nino
206 2277 244 2337 ab
259 2273 381 2335 arantis
398 2284 433 2334 et
449 2272 588 2335 violentia
606 2273 780 2352 ceterisque
793 2269 908 2332 callidis
922 2270 1056 2349 aucupiis
1068 2270 1209 2343 abhorret,

114 2369 155 2431 ad
168 2386 313 2439 summam
340 2375 439 2426 autem
457 2367 619 2426 bonitatem
633 2375 665 2425 et
680 2365 827 2445 justitiam
840 2363 938 2424 omnia
957 2364 1069 2425 refert:
1089 2365 1210 2444 quado-

114 2461 209 2521 etrina
223 2458 274 2539 qui
287 2457 419 2518 eruditus
431 2469 488 2529 est,
507 2457 586 2529 huic,
600 2458 643 2517 ita
660 2476 708 2516 me
732 2456 773 2517 dii
790 2464 900 2529 ament,
914 2475 974 2515 non
992 2456 1095 2518 colere
1105 2457 1210 2539 simpli·

114 2573 179 2611 cem
192 2551 342 2610 veritatem
357 2559 388 2608 et
401 2549 432 2607 in
446 2569 548 2609 ornnes
564 2569 630 2608 esse
652 2549 787 2610 benefico
810 2550 894 2609 nefas
917 2569 983 2610 esse
1003 2550 1093 2610 duco.
1137 2552 1212 2618 Quin

112 2643 187 2702 illud
200 2642 288 2701 etiam
307 2641 544 2700 molestissimum
559 2642 629 2700 rnihi
643 2651 737 2701 esset:
760 2643 785 2701 si
799 2662 907 2721 magno
920 2645 1134 2706 benevolentiae
1147 2666 1212 2726 erga

115 2746 145 2794 te
160 2734 243 2813 quasi
261 2733 371 2812 impetu
386 2735 562 2812 concitatus,
576 2744 689 2795 mutare
712 2736 889 2796 sententiam
909 2757 944 2796 ac
967 2737 1024 2797 alio
1047 2739 1078 2796 in
1100 2751 1129 2800 te
1152 2760 1212 2799 esse

116 2829 213 2888 animo
227 2847 358 2906 cogerer,
372 2827 477 2905 quibus
492 2828 579 2907 igitur
600 2829 630 2887 in
651 2831 738 2889 rebus
760 2850 807 2889 me
820 2830 992 2909 despectum
1006 2841 1036 2891 et
1050 2833 1213 2912 neglectum

116 2943 182 2983 esse
202 2934 314 3002 putem,
337 2921 392 2980 etsi
416 2942 476 2980 non
500 2922 611 2993 dixero,
627 2942 676 2982 eas
702 2934 801 2982 temen
822 2923 863 2982 ita
881 2943 913 2983 se
934 2923 1084 2984 habituras
1105 2936 1213 3005 putato.

117 3018 206 3086 Quod
221 3018 313 3076 sinos
334 3016 401 3075 ideo
420 3017 594 3090 contemnis,
616 3017 696 3097 quod
710 3018 840 3076 nondum
862 3037 878 3076 e
900 3017 1082 3097 principibus
1107 3039 1213 3093 sumus,

119 3113 228 3191 cogita,
243 3121 272 3168 te
294 3129 410 3187 quoque
438 3111 506 3170 olim
535 3111 752 3171 adolescentem
772 3122 803 3170 et
821 3129 857 3170 ea
876 3130 935 3188 qua
948 3130 1002 3169 nos
1022 3121 1110 3171 aetate
1131 3112 1215 3173 modo

118 3223 220 3262 sumus
234 3203 336 3271 fuisso,
353 3213 382 3259 ct
397 3204 526 3262 consiliis
541 3215 628 3283 atque
640 3204 804 3263 actionibus
818 3202 875 3263 tuis
891 3202 1057 3261 adtentum
1071 3204 1216 3283 fastigium

118 3295 322 3355 adscendisse.
364 3295 398 3351 Id
413 3295 492 3372 quod
506 3297 591 3357 nobis
605 3298 690 3356 etiam
702 3297 870 3375 contingere
884 3296 999 3375 poterit.
1042 3296 1122 3355 Nam
1140 3308 1217 3358 recta

117 3388 235 3465 quidem
249 3386 385 3444 voluntas
408 3387 503 3464 adest,
519 3389 566 3447 cui
586 3390 610 3447 si
633 3391 757 3448 fortunae
780 3389 946 3468 benignitas
966 3388 1154 3469 suffragetur,
1174 3410 1216 3451 res

118 3481 183 3559 ipsa
197 3478 302 3538 confici
317 3489 413 3556 queat.
456 3479 536 3538 Nihil
551 3491 649 3540 autem
663 3482 765 3541 melius
788 3483 927 3541 collocari
947 3492 1048 3560 potest
1067 3496 1147 3543 recte
1169 3485 1216 3543 tri-

118 3574 190 3633 buto
204 3570 297 3631 officio
310 3592 317 3639 ;
340 3572 420 3650 quod
442 3582 471 3630 et
492 3582 524 3630 tu
539 3576 626 3633 nobis
640 3587 779 3654 praestare
794 3574 902 3634 debes:
925 3595 1019 3653 noque
1033 3576 1070 3634 ab
1085 3577 1145 3635 ullo
1160 3598 1216 3634 vee-

120 3667 209 3728 corde
224 3665 271 3725 vel
286 3665 390 3724 abduci
404 3665 433 3721 in
452 3663 580 3724 deterius
596 3668 642 3726 vel
656 3668 732 3727 vinci
755 3667 836 3738 velis,
851 3668 902 3726 sed
925 3667 991 3726 illos
1013 3677 1075 3727 tute
1096 3670 1125 3726 in
1139 3679 1215 3728 tuam

120 3761 272 3841 perducito
287 3758 481 3818 sententiam:
504 3759 600 3837 itaque
621 3772 649 3820 te
665 3764 758 3841 genito
771 3773 804 3820 ut
819 3782 856 3819 ne
876 3761 946 3840 quid
960 3783 976 3820 e
992 3764 1085 3840 pactis
1100 3775 1130 3822 ot
1149 3783 1216 3822 con·

120 3856 213 3913 ventis
228 3854 333 3911 nostris
348 3852 539 3922 desideretur,
550 3863 638 3931 utque
652 3856 795 3933 Epitimus
810 3856 943 3933 periculis
953 3856 1091 3934 eripiatur
1104 3868 1135 3916 et
1148 3856 1216 3916 libe·

119 3958 208 4006 retur.
251 3947 348 4004 Adero
363 3954 460 4003 autom
474 3945 578 4023 etipse
594 3967 629 4005 eo
640 3957 779 4026 ternpore,
793 3947 872 4024 quod
888 3958 919 4006 tu
933 3949 1141 4027 tempestivum
1156 3969 1215 4007 esse

121 4043 239 4104 dixeris.
283 4040 317 4098 ld
332 4041 419 4118 igitur
433 4037 501 4097 milri
516 4059 565 4118 por
580 4040 678 4101 literas
694 4042 835 4122 significa,
850 4041 897 4101 vel
918 4042 1005 4104 otiam
1026 4063 1079 4121 pro
1094 4042 1216 4103 amicitia

122 4137 241 4209 impera.
282 4132 365 4197 Vale,
