<?xml version="1.0" encoding="UTF-8"?>
<!DOCTYPE html PUBLIC "-//W3C//DTD XHTML 1.0 Transitional//EN"
    "http://www.w3.org/TR/xhtml1/DTD/xhtml1-transitional.dtd">
<html xmlns="http://www.w3.org/1999/xhtml" xml:lang="en" lang="en">
 <head>
  <title>
</title>
<meta http-equiv="Content-Type" content="text/html;charset=utf-8" />
  <meta name='ocr-system' content='tesseract 3.04.00' />
  <meta name='ocr-capabilities' content='ocr_page ocr_carea ocr_par ocr_line ocrx_word'/>
</head>
<body>
  <div class='ocr_page' id='page_1' title='image "./demosthenisetsc00amergoog_0303.png"; bbox 0 0 2656 4786; ppageno 0'>
   <div class='ocr_carea' id='block_1_1' title="bbox 105 284 849 349">
    <p class='ocr_par' dir='ltr' id='par_1_1' title="bbox 105 284 849 349">
     <span class='ocr_line' id='line_1_1' title="bbox 105 284 849 349; baseline -0.005 -2"><span class='ocrx_word' id='word_1_1' title='bbox 105 290 167 349; x_wconf 79' lang='grc'>784</span> <span class='ocrx_word' id='word_1_2' title='bbox 459 287 629 347; x_wconf 81' lang='lat' dir='ltr'>CONTRA</span> <span class='ocrx_word' id='word_1_3' title='bbox 653 284 849 345; x_wconf 82' lang='lat' dir='ltr'><strong>NEAERAM.</strong></span> 
     </span>
    </p>
   </div>
   <div class='ocr_carea' id='block_1_2' title="bbox 331 440 910 579">
    <p class='ocr_par' dir='ltr' id='par_1_2' title="bbox 331 440 910 579">
     <span class='ocr_line' id='line_1_2' title="bbox 332 440 910 503; baseline -0.01 -12"><span class='ocrx_word' id='word_1_4' title='bbox 332 446 466 491; x_wconf 76' lang='lat' dir='ltr'>Graecorum</span> <span class='ocrx_word' id='word_1_5' title='bbox 475 444 558 491; x_wconf 86' lang='lat' dir='ltr'>ductor</span> <span class='ocrx_word' id='word_1_6' title='bbox 569 444 654 490; x_wconf 84' lang='lat' dir='ltr'>Medos</span> <span class='ocrx_word' id='word_1_7' title='bbox 665 442 705 489; x_wconf 91' lang='lat' dir='ltr'>ubi</span> <span class='ocrx_word' id='word_1_8' title='bbox 717 440 820 503; x_wconf 80' lang='lat' dir='ltr'>perdidit</span> <span class='ocrx_word' id='word_1_9' title='bbox 832 440 910 486; x_wconf 85' lang='lat' dir='ltr'>bostes</span> 
     </span>
     <span class='ocr_line' id='line_1_3' title="bbox 331 518 839 579; baseline -0.004 -14"><span class='ocrx_word' id='word_1_10' title='bbox 331 520 466 575; x_wconf 80' lang='lat' dir='ltr'>Pausanias,</span> <span class='ocrx_word' id='word_1_11' title='bbox 477 519 565 567; x_wconf 82' lang='lat' dir='ltr'>l’hmbo</span> <span class='ocrx_word' id='word_1_12' title='bbox 573 519 667 567; x_wconf 77' lang='lat' dir='ltr'><strong>dedicat</strong></span> <span class='ocrx_word' id='word_1_13' title='bbox 677 520 721 565; x_wconf 89' lang='lat' dir='ltr'>boe</span> <span class='ocrx_word' id='word_1_14' title='bbox 730 518 839 579; x_wconf 81' lang='lat' dir='ltr'>spolium,</span> 
     </span>
    </p>
   </div>
   <div class='ocr_carea' id='block_1_3' title="bbox 106 630 1238 4504">
    <p class='ocr_par' dir='ltr' id='par_1_3' title="bbox 106 630 1238 4504">
     <span class='ocr_line' id='line_1_4' title="bbox 106 630 1203 713; baseline -0.008 -21"><span class='ocrx_word' id='word_1_15' title='bbox 106 634 227 712; x_wconf 83' lang='lat' dir='ltr'>perinde</span> <span class='ocrx_word' id='word_1_16' title='bbox 250 652 284 693; x_wconf 90' lang='lat' dir='ltr'>ac</span> <span class='ocrx_word' id='word_1_17' title='bbox 310 634 335 693; x_wconf 90' lang='lat' dir='ltr'>si</span> <span class='ocrx_word' id='word_1_18' title='bbox 357 634 447 713; x_wconf 87' lang='lat' dir='ltr'>ipsius</span> <span class='ocrx_word' id='word_1_19' title='bbox 465 644 543 694; x_wconf 89' lang='lat' dir='ltr'>esset</span> <span class='ocrx_word' id='word_1_20' title='bbox 562 634 592 693; x_wconf 94' lang='lat' dir='ltr'>id</span> <span class='ocrx_word' id='word_1_21' title='bbox 610 633 726 693; x_wconf 89' lang='lat' dir='ltr'>facinus</span> <span class='ocrx_word' id='word_1_22' title='bbox 741 642 772 691; x_wconf 91' lang='lat' dir='ltr'>et</span> <span class='ocrx_word' id='word_1_23' title='bbox 784 630 948 699; x_wconf 88' lang='lat' dir='ltr'>donarium,</span> <span class='ocrx_word' id='word_1_24' title='bbox 969 645 1029 685; x_wconf 90' lang='lat' dir='ltr'>nou</span> <span class='ocrx_word' id='word_1_25' title='bbox 1047 640 1203 685; x_wconf 85' lang='lat' dir='ltr'>commune</span> 
     </span>
     <span class='ocr_line' id='line_1_5' title="bbox 108 716 1205 795; baseline -0.009 -10"><span class='ocrx_word' id='word_1_26' title='bbox 108 726 260 786; x_wconf 88' lang='lat' dir='ltr'>sociorum.</span> <span class='ocrx_word' id='word_1_27' title='bbox 302 727 387 785; x_wconf 90' lang='lat' dir='ltr'>Iratis</span> <span class='ocrx_word' id='word_1_28' title='bbox 409 736 556 786; x_wconf 89' lang='lat' dir='ltr'>autemea</span> <span class='ocrx_word' id='word_1_29' title='bbox 576 726 661 785; x_wconf 91' lang='lat' dir='ltr'>dere</span> <span class='ocrx_word' id='word_1_30' title='bbox 682 726 805 795; x_wconf 85' lang='lat' dir='ltr'>Graecis,</span> <span class='ocrx_word' id='word_1_31' title='bbox 819 723 999 783; x_wconf 84' lang='lat' dir='ltr'>Plataeenses</span> <span class='ocrx_word' id='word_1_32' title='bbox 1014 716 1205 777; x_wconf 78' lang='lat' dir='ltr'>Laccdrcmo-</span> 
     </span>
     <span class='ocr_line' id='line_1_6' title="bbox 107 808 1205 899; baseline -0.007 -23"><span class='ocrx_word' id='word_1_33' title='bbox 107 818 170 878; x_wconf 85' lang='lat' dir='ltr'>nios</span> <span class='ocrx_word' id='word_1_34' title='bbox 185 819 263 898; x_wconf 85' lang='lat' dir='ltr'>apud</span> <span class='ocrx_word' id='word_1_35' title='bbox 276 818 507 899; x_wconf 80' lang='lat' dir='ltr'><strong>Amphictyonas</strong></span> <span class='ocrx_word' id='word_1_36' title='bbox 522 830 664 878; x_wconf 86' lang='lat' dir='ltr'>accusant</span> <span class='ocrx_word' id='word_1_37' title='bbox 676 817 793 878; x_wconf 89' lang='lat' dir='ltr'>nomine</span> <span class='ocrx_word' id='word_1_38' title='bbox 807 816 960 885; x_wconf 87' lang='lat' dir='ltr'>sociorum,</span> <span class='ocrx_word' id='word_1_39' title='bbox 973 822 1003 871; x_wconf 86' lang='lat' dir='ltr'>et</span> <span class='ocrx_word' id='word_1_40' title='bbox 1018 810 1098 869; x_wconf 87' lang='lat' dir='ltr'>mille</span> <span class='ocrx_word' id='word_1_41' title='bbox 1109 808 1205 869; x_wconf 90' lang='lat' dir='ltr'>talen·</span> 
     </span>
     <span class='ocr_line' id='line_1_7' title="bbox 106 896 1207 992; baseline -0.006 -23"><span class='ocrx_word' id='word_1_42' title='bbox 106 921 168 969; x_wconf 90' lang='lat' dir='ltr'>tum</span> <span class='ocrx_word' id='word_1_43' title='bbox 182 911 321 971; x_wconf 85' lang='lat' dir='ltr'>mulctam</span> <span class='ocrx_word' id='word_1_44' title='bbox 336 914 372 971; x_wconf 88' lang='lat' dir='ltr'>ab</span> <span class='ocrx_word' id='word_1_45' title='bbox 397 913 437 972; x_wconf 91' lang='lat' dir='ltr'>eis</span> <span class='ocrx_word' id='word_1_46' title='bbox 455 921 569 992; x_wconf 91' lang='lat' dir='ltr'>petunt,</span> <span class='ocrx_word' id='word_1_47' title='bbox 583 913 728 990; x_wconf 87' lang='lat' dir='ltr'>erasisque</span> <span class='ocrx_word' id='word_1_48' title='bbox 742 910 902 989; x_wconf 82' lang='lat' dir='ltr'>versiculis,</span> <span class='ocrx_word' id='word_1_49' title='bbox 922 905 1080 966; x_wconf 82' lang='lat' dir='ltr'>inscribere</span> <span class='ocrx_word' id='word_1_50' title='bbox 1094 896 1207 983; x_wconf 79' lang='lat' dir='ltr'>cogunt</span> 
     </span>
     <span class='ocr_line' id='line_1_8' title="bbox 107 996 1208 1084; baseline -0.005 -24"><span class='ocrx_word' id='word_1_51' title='bbox 107 1004 194 1061; x_wconf 88' lang='lat' dir='ltr'>urbes</span> <span class='ocrx_word' id='word_1_52' title='bbox 213 1024 280 1082; x_wconf 84' lang='lat' dir='ltr'>qnae</span> <span class='ocrx_word' id='word_1_53' title='bbox 304 1006 389 1064; x_wconf 85' lang='lat' dir='ltr'>rebus</span> <span class='ocrx_word' id='word_1_54' title='bbox 414 1005 505 1084; x_wconf 80' lang='lat' dir='ltr'>gestis</span> <span class='ocrx_word' id='word_1_55' title='bbox 527 1004 735 1071; x_wconf 80' lang='lat' dir='ltr'>interfuerant3</span> <span class='ocrx_word' id='word_1_56' title='bbox 757 1022 817 1081; x_wconf 84' lang='lat' dir='ltr'>qua</span> <span class='ocrx_word' id='word_1_57' title='bbox 839 1000 966 1061; x_wconf 89' lang='lat' dir='ltr'>revel</span> <span class='ocrx_word' id='word_1_58' title='bbox 959 1020 988 1057; x_wconf 92' lang='lat' dir='ltr'>rn</span> <span class='ocrx_word' id='word_1_59' title='bbox 1013 998 1113 1077; x_wconf 88' lang='lat' dir='ltr'>primis</span> <span class='ocrx_word' id='word_1_60' title='bbox 1137 996 1208 1055; x_wconf 84' lang='lat' dir='ltr'>odia</span> 
     </span>
     <span class='ocr_line' id='line_1_9' title="bbox 107 1090 1209 1176; baseline -0.005 -22"><span class='ocrx_word' id='word_1_61' title='bbox 107 1094 399 1156; x_wconf 74' lang='lat' dir='ltr'>Lacedaemoniorum</span> <span class='ocrx_word' id='word_1_62' title='bbox 414 1107 617 1176; x_wconf 88' lang='lat' dir='ltr'>susceperunt,</span> <span class='ocrx_word' id='word_1_63' title='bbox 630 1098 777 1176; x_wconf 84' lang='lat' dir='ltr'>regiaeque</span> <span class='ocrx_word' id='word_1_64' title='bbox 792 1094 919 1154; x_wconf 75' lang='lat' dir='ltr'>familiae.</span> <span class='ocrx_word' id='word_1_65' title='bbox 948 1092 1013 1152; x_wconf 87' lang='lat' dir='ltr'>Ac</span> <span class='ocrx_word' id='word_1_66' title='bbox 1005 1111 1036 1149; x_wconf 90' lang='lat' dir='ltr'>rn</span> <span class='ocrx_word' id='word_1_67' title='bbox 1050 1090 1209 1169; x_wconf 71' lang='lat' dir='ltr'>presentis</span> 
     </span>
     <span class='ocr_line' id='line_1_10' title="bbox 107 1182 1208 1269; baseline -0.003 -23"><span class='ocrx_word' id='word_1_68' title='bbox 107 1207 166 1247; x_wconf 91' lang='lat' dir='ltr'>non</span> <span class='ocrx_word' id='word_1_69' title='bbox 181 1189 363 1268; x_wconf 84' lang='lat' dir='ltr'>reperiebant</span> <span class='ocrx_word' id='word_1_70' title='bbox 383 1189 592 1249; x_wconf 87' lang='lat' dir='ltr'>Lacedaemonii</span> <span class='ocrx_word' id='word_1_71' title='bbox 613 1208 672 1267; x_wconf 91' lang='lat' dir='ltr'>quo</span> <span class='ocrx_word' id='word_1_72' title='bbox 692 1198 779 1269; x_wconf 90' lang='lat' dir='ltr'>pacto</span> <span class='ocrx_word' id='word_1_73' title='bbox 799 1207 851 1247; x_wconf 89' lang='lat' dir='ltr'>eos</span> <span class='ocrx_word' id='word_1_74' title='bbox 871 1187 1102 1245; x_wconf 87' lang='lat' dir='ltr'>ulciscerentur·</span> <span class='ocrx_word' id='word_1_75' title='bbox 1123 1182 1208 1243; x_wconf 82' lang='lat' dir='ltr'>annis</span> 
     </span>
     <span class='ocr_line' id='line_1_11' title="bbox 107 1274 1207 1384; baseline -0.006 -43"><span class='ocrx_word' id='word_1_76' title='bbox 107 1290 206 1341; x_wconf 86' lang='lat' dir='ltr'>autem</span> <span class='ocrx_word' id='word_1_77' title='bbox 219 1290 287 1360; x_wconf 89' lang='lat' dir='ltr'>post</span> <span class='ocrx_word' id='word_1_78' title='bbox 297 1294 410 1341; x_wconf 80' lang='lat' dir='ltr'>circiter</span> <span class='ocrx_word' id='word_1_79' title='bbox 423 1280 646 1384; x_wconf 83' lang='lat' dir='ltr'>quinquaginta,</span> <span class='ocrx_word' id='word_1_80' title='bbox 662 1280 857 1339; x_wconf 84' lang='lat' dir='ltr'>Archidamus</span> <span class='ocrx_word' id='word_1_81' title='bbox 872 1276 1102 1363; x_wconf 82' lang='lat' dir='ltr'>ZeuxidamiF.,</span> <span class='ocrx_word' id='word_1_82' title='bbox 1116 1274 1207 1335; x_wconf 79' lang='lat' dir='ltr'>Laee-</span> 
     </span>
     <span class='ocr_line' id='line_1_12' title="bbox 108 1354 1208 1473; baseline -0.007 -40"><span class='ocrx_word' id='word_1_83' title='bbox 108 1365 319 1433; x_wconf 80' lang='lat' dir='ltr'>dcemdniorum</span> <span class='ocrx_word' id='word_1_84' title='bbox 333 1394 394 1444; x_wconf 87' lang='lat' dir='ltr'>rex,</span> <span class='ocrx_word' id='word_1_85' title='bbox 409 1386 541 1452; x_wconf 85' lang='lat' dir='ltr'>ternpore</span> <span class='ocrx_word' id='word_1_86' title='bbox 562 1373 653 1452; x_wconf 88' lang='lat' dir='ltr'>pacis,</span> <span class='ocrx_word' id='word_1_87' title='bbox 667 1392 768 1432; x_wconf 88' lang='lat' dir='ltr'>eorum</span> <span class='ocrx_word' id='word_1_88' title='bbox 786 1373 857 1430; x_wconf 89' lang='lat' dir='ltr'>urbe</span> <span class='ocrx_word' id='word_1_89' title='bbox 870 1354 956 1448; x_wconf 88' lang='lat' dir='ltr'>potiri</span> <span class='ocrx_word' id='word_1_90' title='bbox 970 1367 1106 1439; x_wconf 81' lang='lat' dir='ltr'>instituit,</span> <span class='ocrx_word' id='word_1_91' title='bbox 1119 1366 1208 1473; x_wconf 82' lang='lat' dir='ltr'>idque</span> 
     </span>
     <span class='ocr_line' id='line_1_13' title="bbox 109 1460 1208 1545; baseline -0.006 -20"><span class='ocrx_word' id='word_1_92' title='bbox 109 1485 161 1544; x_wconf 89' lang='lat' dir='ltr'>per</span> <span class='ocrx_word' id='word_1_93' title='bbox 172 1464 346 1525; x_wconf 86' lang='lat' dir='ltr'>Thebanum</span> <span class='ocrx_word' id='word_1_94' title='bbox 370 1465 588 1545; x_wconf 83' lang='lat' dir='ltr'>Eurymachurn</span> <span class='ocrx_word' id='word_1_95' title='bbox 611 1464 780 1524; x_wconf 85' lang='lat' dir='ltr'>Leontradae</span> <span class='ocrx_word' id='word_1_96' title='bbox 802 1464 835 1523; x_wconf 91' lang='lat' dir='ltr'><strong>F</strong></span> <span class='ocrx_word' id='word_1_97' title='bbox 855 1462 1032 1522; x_wconf 76' lang='lat' dir='ltr'>boeotiorum</span> <span class='ocrx_word' id='word_1_98' title='bbox 1046 1460 1208 1539; x_wconf 81' lang='lat' dir='ltr'>principem</span> 
     </span>
     <span class='ocr_line' id='line_1_14' title="bbox 109 1550 1209 1636; baseline -0.006 -18"><span class='ocrx_word' id='word_1_99' title='bbox 109 1568 157 1618; x_wconf 85' lang='lat' dir='ltr'>est</span> <span class='ocrx_word' id='word_1_100' title='bbox 171 1568 306 1629; x_wconf 87' lang='lat' dir='ltr'>conatus,</span> <span class='ocrx_word' id='word_1_101' title='bbox 320 1578 409 1636; x_wconf 88' lang='lat' dir='ltr'>quum</span> <span class='ocrx_word' id='word_1_102' title='bbox 424 1569 515 1618; x_wconf 91' lang='lat' dir='ltr'>noctu</span> <span class='ocrx_word' id='word_1_103' title='bbox 528 1568 628 1636; x_wconf 84' lang='lat' dir='ltr'>portes</span> <span class='ocrx_word' id='word_1_104' title='bbox 643 1557 814 1629; x_wconf 86' lang='lat' dir='ltr'>Nauclides,</span> <span class='ocrx_word' id='word_1_105' title='bbox 829 1564 859 1615; x_wconf 92' lang='lat' dir='ltr'>et</span> <span class='ocrx_word' id='word_1_106' title='bbox 880 1554 928 1615; x_wconf 87' lang='lat' dir='ltr'>alii</span> <span class='ocrx_word' id='word_1_107' title='bbox 943 1554 1064 1631; x_wconf 87' lang='lat' dir='ltr'>quidam</span> <span class='ocrx_word' id='word_1_108' title='bbox 1078 1550 1209 1631; x_wconf 82' lang='lat' dir='ltr'>corrupti</span> 
     </span>
     <span class='ocr_line' id='line_1_15' title="bbox 111 1644 1209 1729; baseline -0.005 -20"><span class='ocrx_word' id='word_1_109' title='bbox 111 1650 325 1729; x_wconf 76' lang='lat' dir='ltr'>largitionibus,</span> <span class='ocrx_word' id='word_1_110' title='bbox 346 1651 537 1729; x_wconf 87' lang='lat' dir='ltr'>aperuissent.</span> <span class='ocrx_word' id='word_1_111' title='bbox 578 1649 773 1722; x_wconf 83' lang='lat' dir='ltr'>Plstaeenses,</span> <span class='ocrx_word' id='word_1_112' title='bbox 788 1649 917 1729; x_wconf 83' lang='lat' dir='ltr'>cognito,</span> <span class='ocrx_word' id='word_1_113' title='bbox 932 1648 1009 1706; x_wconf 90' lang='lat' dir='ltr'>intra</span> <span class='ocrx_word' id='word_1_114' title='bbox 1022 1644 1134 1705; x_wconf 89' lang='lat' dir='ltr'>moenia</span> <span class='ocrx_word' id='word_1_115' title='bbox 1145 1662 1209 1705; x_wconf 85' lang='lat' dir='ltr'>esse</span> 
     </span>
     <span class='ocr_line' id='line_1_16' title="bbox 109 1739 1210 1821; baseline -0.002 -22"><span class='ocrx_word' id='word_1_116' title='bbox 109 1742 276 1815; x_wconf 76' lang='lat' dir='ltr'>Thebanos,</span> <span class='ocrx_word' id='word_1_117' title='bbox 295 1761 332 1821; x_wconf 58' lang='grc' dir='ltr'><strong>ῃ</strong></span> <span class='ocrx_word' id='word_1_118' title='bbox 355 1761 438 1801; x_wconf 89' lang='lat' dir='ltr'>suam</span> <span class='ocrx_word' id='word_1_119' title='bbox 452 1744 553 1801; x_wconf 91' lang='lat' dir='ltr'>urbem</span> <span class='ocrx_word' id='word_1_120' title='bbox 568 1754 700 1821; x_wconf 89' lang='lat' dir='ltr'>tempore</span> <span class='ocrx_word' id='word_1_121' title='bbox 714 1743 794 1820; x_wconf 88' lang='lat' dir='ltr'>pacis</span> <span class='ocrx_word' id='word_1_122' title='bbox 808 1760 845 1800; x_wconf 88' lang='lat' dir='ltr'>ex</span> <span class='ocrx_word' id='word_1_123' title='bbox 859 1739 1017 1819; x_wconf 82' lang='lat' dir='ltr'>improviso</span> <span class='ocrx_word' id='word_1_124' title='bbox 1030 1748 1160 1816; x_wconf 87' lang='lat' dir='ltr'>captam,</span> <span class='ocrx_word' id='word_1_125' title='bbox 1179 1744 1210 1797; x_wconf 85' lang='lat' dir='ltr'>ot</span> 
     </span>
     <span class='ocr_line' id='line_1_17' title="bbox 109 1830 1208 1911; baseline -0.002 -20"><span class='ocrx_word' id='word_1_126' title='bbox 109 1833 164 1911; x_wconf 87' lang='lat' dir='ltr'>ipsi</span> <span class='ocrx_word' id='word_1_127' title='bbox 179 1833 217 1891; x_wconf 85' lang='lat' dir='ltr'>ad</span> <span class='ocrx_word' id='word_1_128' title='bbox 232 1852 312 1892; x_wconf 84' lang='lat' dir='ltr'>armo</span> <span class='ocrx_word' id='word_1_129' title='bbox 325 1843 513 1903; x_wconf 87' lang='lat' dir='ltr'>concurrunt,</span> <span class='ocrx_word' id='word_1_130' title='bbox 529 1845 560 1893; x_wconf 92' lang='lat' dir='ltr'>et</span> <span class='ocrx_word' id='word_1_131' title='bbox 579 1834 671 1893; x_wconf 88' lang='lat' dir='ltr'>aciem</span> <span class='ocrx_word' id='word_1_132' title='bbox 693 1835 850 1893; x_wconf 86' lang='lat' dir='ltr'>instruunt.</span> <span class='ocrx_word' id='word_1_133' title='bbox 894 1834 952 1892; x_wconf 93' lang='lat' dir='ltr'>Ubi</span> <span class='ocrx_word' id='word_1_134' title='bbox 972 1830 1087 1903; x_wconf 83' lang='lat' dir='ltr'>diluxit,</span> <span class='ocrx_word' id='word_1_135' title='bbox 1101 1840 1134 1891; x_wconf 90' lang='lat' dir='ltr'>et</span> <span class='ocrx_word' id='word_1_136' title='bbox 1151 1848 1208 1889; x_wconf 91' lang='lat' dir='ltr'>non</span> 
     </span>
     <span class='ocr_line' id='line_1_18' title="bbox 110 1924 1210 2004; baseline 0 -21"><span class='ocrx_word' id='word_1_137' title='bbox 110 1924 218 1985; x_wconf 83' lang='lat' dir='ltr'>multos</span> <span class='ocrx_word' id='word_1_138' title='bbox 238 1945 304 1984; x_wconf 89' lang='lat' dir='ltr'>esse</span> <span class='ocrx_word' id='word_1_139' title='bbox 326 1924 481 1985; x_wconf 78' lang='lat' dir='ltr'>Thebanos</span> <span class='ocrx_word' id='word_1_140' title='bbox 499 1925 609 1998; x_wconf 89' lang='lat' dir='ltr'>vident,</span> <span class='ocrx_word' id='word_1_141' title='bbox 624 1926 675 1985; x_wconf 90' lang='lat' dir='ltr'>sed</span> <span class='ocrx_word' id='word_1_142' title='bbox 695 1927 835 2004; x_wconf 91' lang='lat' dir='ltr'>primores</span> <span class='ocrx_word' id='word_1_143' title='bbox 856 1944 957 1985; x_wconf 90' lang='lat' dir='ltr'>eorum</span> <span class='ocrx_word' id='word_1_144' title='bbox 975 1924 1210 2003; x_wconf 82' lang='lat' dir='ltr'>ingressos-in·</span> 
     </span>
     <span class='ocr_line' id='line_1_19' title="bbox 110 2015 1210 2097; baseline -0.002 -20"><span class='ocrx_word' id='word_1_145' title='bbox 110 2035 184 2096; x_wconf 74' lang='lat' dir='ltr'>gens</span> <span class='ocrx_word' id='word_1_146' title='bbox 212 2017 289 2077; x_wconf 91' lang='lat' dir='ltr'>enim</span> <span class='ocrx_word' id='word_1_147' title='bbox 315 2015 414 2076; x_wconf 86' lang='lat' dir='ltr'>delata</span> <span class='ocrx_word' id='word_1_148' title='bbox 433 2026 522 2077; x_wconf 90' lang='lat' dir='ltr'>noctu</span> <span class='ocrx_word' id='word_1_149' title='bbox 542 2017 643 2096; x_wconf 88' lang='lat' dir='ltr'>pluvia</span> <span class='ocrx_word' id='word_1_150' title='bbox 662 2017 849 2097; x_wconf 87' lang='lat' dir='ltr'>prohibuerat</span> <span class='ocrx_word' id='word_1_151' title='bbox 869 2037 929 2089; x_wconf 89' lang='lat' dir='ltr'>eos,</span> <span class='ocrx_word' id='word_1_152' title='bbox 949 2036 986 2076; x_wconf 88' lang='lat' dir='ltr'>ne</span> <span class='ocrx_word' id='word_1_153' title='bbox 1005 2036 1109 2077; x_wconf 88' lang='lat' dir='ltr'>omnes</span> <span class='ocrx_word' id='word_1_154' title='bbox 1123 2016 1210 2075; x_wconf 77' lang='lat' dir='ltr'>iuna·</span> 
     </span>
     <span class='ocr_line' id='line_1_20' title="bbox 111 2109 1209 2189; baseline -0.002 -20"><span class='ocrx_word' id='word_1_155' title='bbox 111 2119 188 2181; x_wconf 86' lang='lat' dir='ltr'>rent,</span> <span class='ocrx_word' id='word_1_156' title='bbox 203 2128 263 2189; x_wconf 86' lang='lat' dir='ltr'>qua</span> <span class='ocrx_word' id='word_1_157' title='bbox 274 2110 379 2169; x_wconf 88' lang='lat' dir='ltr'>fluvius</span> <span class='ocrx_word' id='word_1_158' title='bbox 395 2112 512 2189; x_wconf 81' lang='lat' dir='ltr'>Asopos</span> <span class='ocrx_word' id='word_1_159' title='bbox 526 2121 630 2170; x_wconf 84' lang='lat' dir='ltr'>auctus</span> <span class='ocrx_word' id='word_1_160' title='bbox 643 2111 819 2181; x_wconf 82' lang='lat' dir='ltr'>exundabat,</span> <span class='ocrx_word' id='word_1_161' title='bbox 834 2130 891 2170; x_wconf 87' lang='lat' dir='ltr'>nec</span> <span class='ocrx_word' id='word_1_162' title='bbox 901 2109 1016 2169; x_wconf 83' lang='lat' dir='ltr'>transiri</span> <span class='ocrx_word' id='word_1_163' title='bbox 1032 2109 1119 2169; x_wconf 83' lang='lat' dir='ltr'>facile</span> <span class='ocrx_word' id='word_1_164' title='bbox 1129 2116 1209 2189; x_wconf 83' lang='lat' dir='ltr'>pote·</span> 
     </span>
     <span class='ocr_line' id='line_1_21' title="bbox 111 2202 1211 2282; baseline 0 -21"><span class='ocrx_word' id='word_1_165' title='bbox 111 2214 167 2276; x_wconf 89' lang='lat' dir='ltr'>rat,</span> <span class='ocrx_word' id='word_1_166' title='bbox 180 2214 270 2262; x_wconf 91' lang='lat' dir='ltr'>noctu</span> <span class='ocrx_word' id='word_1_167' title='bbox 288 2203 500 2282; x_wconf 87' lang='lat' dir='ltr'>praesertim—,</span> <span class='ocrx_word' id='word_1_168' title='bbox 509 2214 543 2263; x_wconf 91' lang='lat' dir='ltr'>ut</span> <span class='ocrx_word' id='word_1_169' title='bbox 557 2203 655 2281; x_wconf 83' lang='lat' dir='ltr'>igitur,</span> <span class='ocrx_word' id='word_1_170' title='bbox 670 2204 799 2282; x_wconf 85' lang='lat' dir='ltr'>inquam,</span> <span class='ocrx_word' id='word_1_171' title='bbox 814 2203 994 2263; x_wconf 85' lang='lat' dir='ltr'>Plataeenses</span> <span class='ocrx_word' id='word_1_172' title='bbox 1016 2203 1046 2261; x_wconf 90' lang='lat' dir='ltr'>in</span> <span class='ocrx_word' id='word_1_173' title='bbox 1065 2202 1139 2262; x_wconf 91' lang='lat' dir='ltr'>urbe</span> <span class='ocrx_word' id='word_1_174' title='bbox 1160 2216 1211 2263; x_wconf 84' lang='lat' dir='ltr'>sut</span> 
     </span>
     <span class='ocr_line' id='line_1_22' title="bbox 111 2294 1212 2374; baseline 0 -22"><span class='ocrx_word' id='word_1_175' title='bbox 111 2294 269 2355; x_wconf 85' lang='lat' dir='ltr'>Thebanos</span> <span class='ocrx_word' id='word_1_176' title='bbox 280 2294 427 2367; x_wconf 82' lang='lat' dir='ltr'>viderunt,</span> <span class='ocrx_word' id='word_1_177' title='bbox 440 2314 496 2354; x_wconf 90' lang='lat' dir='ltr'>nec</span> <span class='ocrx_word' id='word_1_178' title='bbox 521 2294 625 2354; x_wconf 86' lang='lat' dir='ltr'>adesse</span> <span class='ocrx_word' id='word_1_179' title='bbox 649 2313 752 2354; x_wconf 89' lang='lat' dir='ltr'>omnes</span> <span class='ocrx_word' id='word_1_180' title='bbox 774 2304 984 2374; x_wconf 83' lang='lat' dir='ltr'>cognoverunt,</span> <span class='ocrx_word' id='word_1_181' title='bbox 999 2294 1212 2373; x_wconf 85' lang='lat' dir='ltr'>aggrediuntur</span> 
     </span>
     <span class='ocr_line' id='line_1_23' title="bbox 112 2382 1212 2466; baseline 0 -21"><span class='ocrx_word' id='word_1_182' title='bbox 112 2385 188 2457; x_wconf 88' lang='lat' dir='ltr'>illos,</span> <span class='ocrx_word' id='word_1_183' title='bbox 211 2385 427 2465; x_wconf 88' lang='lat' dir='ltr'>commissoque</span> <span class='ocrx_word' id='word_1_184' title='bbox 448 2385 549 2466; x_wconf 80' lang='lat' dir='ltr'>proelio</span> <span class='ocrx_word' id='word_1_185' title='bbox 574 2398 722 2465; x_wconf 87' lang='lat' dir='ltr'>superant,</span> <span class='ocrx_word' id='word_1_186' title='bbox 738 2398 769 2446; x_wconf 91' lang='lat' dir='ltr'>et</span> <span class='ocrx_word' id='word_1_187' title='bbox 793 2386 912 2445; x_wconf 83' lang='lat' dir='ltr'>caedunt</span> <span class='ocrx_word' id='word_1_188' title='bbox 933 2387 1104 2465; x_wconf 86' lang='lat' dir='ltr'>priusquam</span> <span class='ocrx_word' id='word_1_189' title='bbox 1125 2382 1212 2447; x_wconf 78' lang='lat' dir='ltr'>deteri</span> 
     </span>
     <span class='ocr_line' id='line_1_24' title="bbox 111 2477 1212 2557; baseline 0.002 -23"><span class='ocrx_word' id='word_1_190' title='bbox 111 2496 199 2556; x_wconf 88' lang='lat' dir='ltr'>opem</span> <span class='ocrx_word' id='word_1_191' title='bbox 213 2477 288 2535; x_wconf 85' lang='lat' dir='ltr'>ferre</span> <span class='ocrx_word' id='word_1_192' title='bbox 302 2486 432 2556; x_wconf 88' lang='lat' dir='ltr'>possent,</span> <span class='ocrx_word' id='word_1_193' title='bbox 446 2486 477 2535; x_wconf 88' lang='lat' dir='ltr'>ct</span> <span class='ocrx_word' id='word_1_194' title='bbox 487 2477 587 2536; x_wconf 87' lang='lat' dir='ltr'>statim</span> <span class='ocrx_word' id='word_1_195' title='bbox 600 2478 692 2537; x_wconf 89' lang='lat' dir='ltr'>misso</span> <span class='ocrx_word' id='word_1_196' title='bbox 706 2478 745 2537; x_wconf 89' lang='lat' dir='ltr'>ad</span> <span class='ocrx_word' id='word_1_197' title='bbox 764 2496 819 2537; x_wconf 90' lang='lat' dir='ltr'>nos</span> <span class='ocrx_word' id='word_1_198' title='bbox 834 2477 951 2551; x_wconf 88' lang='lat' dir='ltr'>nuncio,</span> <span class='ocrx_word' id='word_1_199' title='bbox 966 2477 1136 2557; x_wconf 79' lang='lat' dir='ltr'>significant</span> <span class='ocrx_word' id='word_1_200' title='bbox 1153 2492 1212 2536; x_wconf 84' lang='lat' dir='ltr'>rem</span> 
     </span>
     <span class='ocr_line' id='line_1_25' title="bbox 113 2568 1213 2650; baseline 0.002 -23"><span class='ocrx_word' id='word_1_201' title='bbox 113 2578 238 2647; x_wconf 80' lang='lat' dir='ltr'>gestam,</span> <span class='ocrx_word' id='word_1_202' title='bbox 257 2586 400 2647; x_wconf 84' lang='lat' dir='ltr'>suamque</span> <span class='ocrx_word' id='word_1_203' title='bbox 413 2568 575 2640; x_wconf 87' lang='lat' dir='ltr'>victoriam,</span> <span class='ocrx_word' id='word_1_204' title='bbox 587 2578 621 2627; x_wconf 88' lang='lat' dir='ltr'>et</span> <span class='ocrx_word' id='word_1_205' title='bbox 639 2570 777 2628; x_wconf 87' lang='lat' dir='ltr'>auxilium</span> <span class='ocrx_word' id='word_1_206' title='bbox 788 2579 904 2649; x_wconf 91' lang='lat' dir='ltr'>petunt,</span> <span class='ocrx_word' id='word_1_207' title='bbox 920 2571 944 2628; x_wconf 91' lang='lat' dir='ltr'>si</span> <span class='ocrx_word' id='word_1_208' title='bbox 959 2570 1098 2630; x_wconf 86' lang='lat' dir='ltr'>Thebani</span> <span class='ocrx_word' id='word_1_209' title='bbox 1112 2584 1213 2650; x_wconf 78' lang='lat' dir='ltr'>agrurn</span> 
     </span>
     <span class='ocr_line' id='line_1_26' title="bbox 112 2660 1214 2741; baseline 0.001 -21"><span class='ocrx_word' id='word_1_210' title='bbox 112 2661 240 2741; x_wconf 86' lang='lat' dir='ltr'>ipsorum</span> <span class='ocrx_word' id='word_1_211' title='bbox 253 2671 413 2721; x_wconf 78' lang='lat' dir='ltr'>vmtareut.</span> <span class='ocrx_word' id='word_1_212' title='bbox 456 2661 532 2719; x_wconf 86' lang='lat' dir='ltr'>Turn</span> <span class='ocrx_word' id='word_1_213' title='bbox 546 2660 751 2732; x_wconf 82' lang='lat' dir='ltr'>Athenienses,</span> <span class='ocrx_word' id='word_1_214' title='bbox 768 2662 941 2741; x_wconf 85' lang='lat' dir='ltr'>recognita,</span> <span class='ocrx_word' id='word_1_215' title='bbox 956 2661 1093 2722; x_wconf 81' lang='lat' dir='ltr'>celeriter</span> <span class='ocrx_word' id='word_1_216' title='bbox 1105 2660 1214 2722; x_wconf 82' lang='lat' dir='ltr'>auxilia</span> 
     </span>
     <span class='ocr_line' id='line_1_27' title="bbox 113 2751 1214 2833; baseline 0.003 -22"><span class='ocrx_word' id='word_1_217' title='bbox 113 2752 241 2813; x_wconf 79' lang='lat' dir='ltr'>Plataeas</span> <span class='ocrx_word' id='word_1_218' title='bbox 255 2751 384 2813; x_wconf 90' lang='lat' dir='ltr'>mittunt.</span> <span class='ocrx_word' id='word_1_219' title='bbox 426 2752 509 2819; x_wconf 86' lang='lat' dir='ltr'>Quos</span> <span class='ocrx_word' id='word_1_220' title='bbox 532 2771 599 2811; x_wconf 89' lang='lat' dir='ltr'>cum</span> <span class='ocrx_word' id='word_1_221' title='bbox 612 2752 753 2812; x_wconf 80' lang='lat' dir='ltr'>vidissent</span> <span class='ocrx_word' id='word_1_222' title='bbox 770 2753 904 2814; x_wconf 87' lang='lat' dir='ltr'>Thebani</span> <span class='ocrx_word' id='word_1_223' title='bbox 925 2773 1011 2833; x_wconf 85' lang='lat' dir='ltr'>opem</span> <span class='ocrx_word' id='word_1_224' title='bbox 1029 2755 1133 2814; x_wconf 91' lang='lat' dir='ltr'>tulisse</span> <span class='ocrx_word' id='word_1_225' title='bbox 1147 2752 1214 2813; x_wconf 83' lang='lat' dir='ltr'>Plu·</span> 
     </span>
     <span class='ocr_line' id='line_1_28' title="bbox 114 2845 1215 2925; baseline 0 -20"><span class='ocrx_word' id='word_1_226' title='bbox 114 2846 281 2917; x_wconf 81' lang='lat' dir='ltr'>toeensibus,</span> <span class='ocrx_word' id='word_1_227' title='bbox 307 2845 429 2905; x_wconf 88' lang='lat' dir='ltr'>domurn</span> <span class='ocrx_word' id='word_1_228' title='bbox 453 2845 610 2904; x_wconf 87' lang='lat' dir='ltr'>redierunt.</span> <span class='ocrx_word' id='word_1_229' title='bbox 666 2846 708 2904; x_wconf 91' lang='lat' dir='ltr'>Ut</span> <span class='ocrx_word' id='word_1_230' title='bbox 726 2845 815 2925; x_wconf 85' lang='lat' dir='ltr'>igitur</span> <span class='ocrx_word' id='word_1_231' title='bbox 838 2846 970 2904; x_wconf 87' lang='lat' dir='ltr'>Thebani</span> <span class='ocrx_word' id='word_1_232' title='bbox 992 2846 1126 2907; x_wconf 86' lang='lat' dir='ltr'>frustrati</span> <span class='ocrx_word' id='word_1_233' title='bbox 1148 2854 1215 2907; x_wconf 87' lang='lat' dir='ltr'>aunt</span> 
     </span>
     <span class='ocr_line' id='line_1_29' title="bbox 113 2936 1212 3019; baseline 0 -22"><span class='ocrx_word' id='word_1_234' title='bbox 113 2948 221 2999; x_wconf 87' lang='lat' dir='ltr'>conatu</span> <span class='ocrx_word' id='word_1_235' title='bbox 234 2957 300 3010; x_wconf 89' lang='lat' dir='ltr'>suo,</span> <span class='ocrx_word' id='word_1_236' title='bbox 314 2947 344 2996; x_wconf 90' lang='lat' dir='ltr'>et</span> <span class='ocrx_word' id='word_1_237' title='bbox 357 2936 545 3007; x_wconf 84' lang='lat' dir='ltr'>Platoeenses‚</span> <span class='ocrx_word' id='word_1_238' title='bbox 562 2956 636 3016; x_wconf 91' lang='lat' dir='ltr'>quos</span> <span class='ocrx_word' id='word_1_239' title='bbox 656 2936 785 2996; x_wconf 87' lang='lat' dir='ltr'>hostiurn</span> <span class='ocrx_word' id='word_1_240' title='bbox 805 2938 834 2995; x_wconf 88' lang='lat' dir='ltr'>in</span> <span class='ocrx_word' id='word_1_241' title='bbox 852 2936 953 3016; x_wconf 87' lang='lat' dir='ltr'>preelio</span> <span class='ocrx_word' id='word_1_242' title='bbox 966 2937 1050 2998; x_wconf 85' lang='lat' dir='ltr'>vivos</span> <span class='ocrx_word' id='word_1_243' title='bbox 1064 2948 1212 3019; x_wconf 86' lang='lat' dir='ltr'>ceperant,</span> 
     </span>
     <span class='ocr_line' id='line_1_30' title="bbox 113 3030 1214 3111; baseline 0 -19"><span class='ocrx_word' id='word_1_244' title='bbox 113 3033 297 3104; x_wconf 82' lang='lat' dir='ltr'>occiderunt,</span> <span class='ocrx_word' id='word_1_245' title='bbox 309 3031 375 3090; x_wconf 88' lang='lat' dir='ltr'>irati</span> <span class='ocrx_word' id='word_1_246' title='bbox 399 3030 623 3101; x_wconf 84' lang='lat' dir='ltr'>Lacedaemonii,</span> <span class='ocrx_word' id='word_1_247' title='bbox 633 3036 696 3106; x_wconf 88' lang='lat' dir='ltr'>jam</span> <span class='ocrx_word' id='word_1_248' title='bbox 711 3030 773 3089; x_wconf 88' lang='lat' dir='ltr'>sine</span> <span class='ocrx_word' id='word_1_249' title='bbox 788 3030 848 3089; x_wconf 90' lang='lat' dir='ltr'>ullo</span> <span class='ocrx_word' id='word_1_250' title='bbox 861 3039 1009 3109; x_wconf 75' lang='lat' dir='ltr'>praetextu</span> <span class='ocrx_word' id='word_1_251' title='bbox 1022 3031 1153 3092; x_wconf 84' lang='lat' dir='ltr'>Plataeas</span> <span class='ocrx_word' id='word_1_252' title='bbox 1165 3050 1214 3111; x_wconf 90' lang='lat' dir='ltr'>op-</span> 
     </span>
     <span class='ocr_line' id='line_1_31' title="bbox 115 3122 1215 3205; baseline 0 -22"><span class='ocrx_word' id='word_1_253' title='bbox 115 3126 280 3205; x_wconf 82' lang='lat' dir='ltr'>pugnaturi,</span> <span class='ocrx_word' id='word_1_254' title='bbox 299 3122 572 3204; x_wconf 88' lang='lat' dir='ltr'>Peloponnensibus</span> <span class='ocrx_word' id='word_1_255' title='bbox 591 3123 735 3192; x_wconf 88' lang='lat' dir='ltr'>omnibus,</span> <span class='ocrx_word' id='word_1_256' title='bbox 755 3133 860 3202; x_wconf 86' lang='lat' dir='ltr'>praeter</span> <span class='ocrx_word' id='word_1_257' title='bbox 880 3124 1015 3201; x_wconf 83' lang='lat' dir='ltr'>Argivos,</span> <span class='ocrx_word' id='word_1_258' title='bbox 1038 3124 1171 3199; x_wconf 88' lang='lat' dir='ltr'>edicunt,</span> <span class='ocrx_word' id='word_1_259' title='bbox 1182 3130 1215 3183; x_wconf 87' lang='lat' dir='ltr'>nt</span> 
     </span>
     <span class='ocr_line' id='line_1_32' title="bbox 114 3216 1214 3298; baseline 0 -21"><span class='ocrx_word' id='word_1_260' title='bbox 114 3218 199 3279; x_wconf 82' lang='lat' dir='ltr'>binas</span> <span class='ocrx_word' id='word_1_261' title='bbox 222 3228 321 3298; x_wconf 87' lang='lat' dir='ltr'>partes</span> <span class='ocrx_word' id='word_1_262' title='bbox 345 3218 528 3296; x_wconf 85' lang='lat' dir='ltr'>copiarume</span> <span class='ocrx_word' id='word_1_263' title='bbox 549 3216 670 3295; x_wconf 86' lang='lat' dir='ltr'>singulis</span> <span class='ocrx_word' id='word_1_264' title='bbox 690 3216 810 3275; x_wconf 79' lang='lat' dir='ltr'>urbibus</span> <span class='ocrx_word' id='word_1_265' title='bbox 833 3217 992 3290; x_wconf 89' lang='lat' dir='ltr'>mitterent,</span> <span class='ocrx_word' id='word_1_266' title='bbox 1006 3217 1131 3279; x_wconf 75' lang='lat' dir='ltr'>neonis</span> <span class='ocrx_word' id='word_1_267' title='bbox 1149 3234 1214 3279; x_wconf 83' lang='lat' dir='ltr'>vcro</span> 
     </span>
     <span class='ocr_line' id='line_1_33' title="bbox 115 3308 1214 3383; baseline 0.001 -13"><span class='ocrx_word' id='word_1_268' title='bbox 115 3311 220 3370; x_wconf 86' lang='lat' dir='ltr'>ceteris</span> <span class='ocrx_word' id='word_1_269' title='bbox 229 3310 384 3382; x_wconf 84' lang='lat' dir='ltr'>universis,</span> <span class='ocrx_word' id='word_1_270' title='bbox 396 3317 427 3369; x_wconf 86' lang='lat' dir='ltr'>ct</span> <span class='ocrx_word' id='word_1_271' title='bbox 441 3310 649 3383; x_wconf 83' lang='lat' dir='ltr'>Locrensibus,</span> <span class='ocrx_word' id='word_1_272' title='bbox 658 3308 870 3382; x_wconf 88' lang='lat' dir='ltr'>Phocensibus,</span> <span class='ocrx_word' id='word_1_273' title='bbox 883 3310 1091 3383; x_wconf 82' lang='lat' dir='ltr'>Maliensibus,</span> <span class='ocrx_word' id='word_1_274' title='bbox 1102 3310 1214 3383; x_wconf 73' lang='lat' dir='ltr'>(Elatia,</span> 
     </span>
     <span class='ocr_line' id='line_1_34' title="bbox 116 3401 1238 3477; baseline 0.005 -16"><span class='ocrx_word' id='word_1_275' title='bbox 116 3412 146 3461; x_wconf 90' lang='lat' dir='ltr'>et</span> <span class='ocrx_word' id='word_1_276' title='bbox 159 3403 334 3462; x_wconf 86' lang='lat' dir='ltr'>AEnianibus</span> <span class='ocrx_word' id='word_1_277' title='bbox 343 3402 534 3477; x_wconf 86' lang='lat' dir='ltr'>denunciant,</span> <span class='ocrx_word' id='word_1_278' title='bbox 549 3413 583 3462; x_wconf 92' lang='lat' dir='ltr'>ut</span> <span class='ocrx_word' id='word_1_279' title='bbox 595 3422 697 3463; x_wconf 88' lang='lat' dir='ltr'>omnes</span> <span class='ocrx_word' id='word_1_280' title='bbox 712 3402 742 3460; x_wconf 93' lang='lat' dir='ltr'>in</span> <span class='ocrx_word' id='word_1_281' title='bbox 761 3401 849 3461; x_wconf 86' lang='lat' dir='ltr'>armis</span> <span class='ocrx_word' id='word_1_282' title='bbox 864 3402 1011 3461; x_wconf 81' lang='lat' dir='ltr'>adessent.</span> <span class='ocrx_word' id='word_1_283' title='bbox 1056 3402 1107 3464; x_wconf 92' lang='lat' dir='ltr'>Sic</span> <span class='ocrx_word' id='word_1_284' title='bbox 1117 3420 1214 3465; x_wconf 79' lang='lat' dir='ltr'>eorum</span> <span class='ocrx_word' id='word_1_285' title='bbox 1235 3460 1238 3467; x_wconf 95' lang='lat'><em>.</em></span> 
     </span>
     <span class='ocr_line' id='line_1_35' title="bbox 115 3492 1215 3572; baseline 0.001 -20"><span class='ocrx_word' id='word_1_286' title='bbox 115 3512 231 3552; x_wconf 84' lang='lat' dir='ltr'>munrm</span> <span class='ocrx_word' id='word_1_287' title='bbox 252 3492 365 3572; x_wconf 81' lang='lat' dir='ltr'>ingenti</span> <span class='ocrx_word' id='word_1_288' title='bbox 386 3495 516 3554; x_wconf 86' lang='lat' dir='ltr'>exercitu</span> <span class='ocrx_word' id='word_1_289' title='bbox 537 3495 794 3565; x_wconf 81' lang='lat' dir='ltr'>circumsedentes,</span> <span class='ocrx_word' id='word_1_290' title='bbox 817 3494 1054 3566; x_wconf 85' lang='lat' dir='ltr'>sciscitabantur,</span> <span class='ocrx_word' id='word_1_291' title='bbox 1074 3515 1149 3555; x_wconf 88' lang='lat' dir='ltr'>uum</span> <span class='ocrx_word' id='word_1_292' title='bbox 1168 3512 1215 3555; x_wconf 89' lang='lat' dir='ltr'>ur·</span> 
     </span>
     <span class='ocr_line' id='line_1_36' title="bbox 115 3583 1215 3666; baseline 0.002 -21"><span class='ocrx_word' id='word_1_293' title='bbox 115 3587 184 3645; x_wconf 88' lang='lat' dir='ltr'>bem</span> <span class='ocrx_word' id='word_1_294' title='bbox 195 3583 305 3645; x_wconf 88' lang='lat' dir='ltr'>dedere</span> <span class='ocrx_word' id='word_1_295' title='bbox 317 3586 440 3659; x_wconf 85' lang='lat' dir='ltr'>vellent,</span> <span class='ocrx_word' id='word_1_296' title='bbox 453 3607 556 3666; x_wconf 82' lang='lat' dir='ltr'>agrum</span> <span class='ocrx_word' id='word_1_297' title='bbox 572 3598 670 3648; x_wconf 87' lang='lat' dir='ltr'>autem</span> <span class='ocrx_word' id='word_1_298' title='bbox 684 3599 792 3656; x_wconf 86' lang='lat' dir='ltr'>tenere,</span> <span class='ocrx_word' id='word_1_299' title='bbox 805 3597 835 3646; x_wconf 91' lang='lat' dir='ltr'>et</span> <span class='ocrx_word' id='word_1_300' title='bbox 848 3586 904 3645; x_wconf 87' lang='lat' dir='ltr'>frui</span> <span class='ocrx_word' id='word_1_301' title='bbox 919 3587 979 3646; x_wconf 86' lang='lat' dir='ltr'>suis</span> <span class='ocrx_word' id='word_1_302' title='bbox 993 3588 1112 3666; x_wconf 91' lang='lat' dir='ltr'>opibus,</span> <span class='ocrx_word' id='word_1_303' title='bbox 1122 3587 1215 3649; x_wconf 88' lang='lat' dir='ltr'>socie-</span> 
     </span>
     <span class='ocr_line' id='line_1_37' title="bbox 117 3678 1216 3753; baseline 0.001 -13"><span class='ocrx_word' id='word_1_304' title='bbox 117 3688 177 3740; x_wconf 77' lang='lat' dir='ltr'>tate</span> <span class='ocrx_word' id='word_1_305' title='bbox 191 3678 414 3739; x_wconf 88' lang='lat' dir='ltr'>Atheniensium</span> <span class='ocrx_word' id='word_1_306' title='bbox 434 3680 561 3740; x_wconf 88' lang='lat' dir='ltr'>deserta.</span> <span class='ocrx_word' id='word_1_307' title='bbox 603 3681 691 3750; x_wconf 90' lang='lat' dir='ltr'>Quod</span> <span class='ocrx_word' id='word_1_308' title='bbox 712 3700 778 3739; x_wconf 88' lang='lat' dir='ltr'>cum</span> <span class='ocrx_word' id='word_1_309' title='bbox 798 3679 977 3739; x_wconf 82' lang='lat' dir='ltr'>Platoeensss</span> <span class='ocrx_word' id='word_1_310' title='bbox 991 3694 1173 3753; x_wconf 85' lang='lat' dir='ltr'>recusarent,</span> <span class='ocrx_word' id='word_1_311' title='bbox 1186 3690 1216 3741; x_wconf 86' lang='lat' dir='ltr'>et</span> 
     </span>
     <span class='ocr_line' id='line_1_38' title="bbox 117 3771 1217 3853; baseline 0.001 -22"><span class='ocrx_word' id='word_1_312' title='bbox 117 3773 180 3832; x_wconf 83' lang='lat' dir='ltr'>sine</span> <span class='ocrx_word' id='word_1_313' title='bbox 189 3773 368 3833; x_wconf 85' lang='lat' dir='ltr'>auctoritate</span> <span class='ocrx_word' id='word_1_314' title='bbox 381 3771 603 3833; x_wconf 84' lang='lat' dir='ltr'>Atheniensium</span> <span class='ocrx_word' id='word_1_315' title='bbox 617 3776 773 3853; x_wconf 88' lang='lat' dir='ltr'>quicquam</span> <span class='ocrx_word' id='word_1_316' title='bbox 789 3790 820 3831; x_wconf 84' lang='lat' dir='ltr'>se</span> <span class='ocrx_word' id='word_1_317' title='bbox 833 3772 962 3833; x_wconf 82' lang='lat' dir='ltr'>facturos</span> <span class='ocrx_word' id='word_1_318' title='bbox 982 3792 1048 3833; x_wconf 85' lang='lat' dir='ltr'>esse</span> <span class='ocrx_word' id='word_1_319' title='bbox 1062 3782 1217 3853; x_wconf 83' lang='lat' dir='ltr'>negarent,</span> 
     </span>
     <span class='ocr_line' id='line_1_39' title="bbox 117 3865 1217 3946; baseline -0.001 -20"><span class='ocrx_word' id='word_1_320' title='bbox 117 3866 296 3927; x_wconf 88' lang='lat' dir='ltr'>obsederunt</span> <span class='ocrx_word' id='word_1_321' title='bbox 306 3884 357 3926; x_wconf 83' lang='lat' dir='ltr'>eos</span> <span class='ocrx_word' id='word_1_322' title='bbox 366 3865 550 3937; x_wconf 87' lang='lat' dir='ltr'>decennium,</span> <span class='ocrx_word' id='word_1_323' title='bbox 565 3867 673 3946; x_wconf 89' lang='lat' dir='ltr'>duplici</span> <span class='ocrx_word' id='word_1_324' title='bbox 685 3885 767 3926; x_wconf 87' lang='lat' dir='ltr'>muro</span> <span class='ocrx_word' id='word_1_325' title='bbox 779 3866 961 3937; x_wconf 84' lang='lat' dir='ltr'>circundato,</span> <span class='ocrx_word' id='word_1_326' title='bbox 975 3886 1030 3926; x_wconf 90' lang='lat' dir='ltr'>nec</span> <span class='ocrx_word' id='word_1_327' title='bbox 1041 3867 1217 3929; x_wconf 88' lang='lat' dir='ltr'>intentatum</span> 
     </span>
     <span class='ocr_line' id='line_1_40' title="bbox 117 3957 1217 4038; baseline 0 -20"><span class='ocrx_word' id='word_1_328' title='bbox 117 3959 275 4038; x_wconf 87' lang='lat' dir='ltr'>quicquam</span> <span class='ocrx_word' id='word_1_329' title='bbox 290 3957 479 4037; x_wconf 89' lang='lat' dir='ltr'>reliquerunt.</span> <span class='ocrx_word' id='word_1_330' title='bbox 521 3958 596 4017; x_wconf 90' lang='lat' dir='ltr'>Cum</span> <span class='ocrx_word' id='word_1_331' title='bbox 611 3977 679 4018; x_wconf 88' lang='lat' dir='ltr'>vero</span> <span class='ocrx_word' id='word_1_332' title='bbox 698 3958 767 4018; x_wconf 79' lang='lat' dir='ltr'>lessi</span> <span class='ocrx_word' id='word_1_333' title='bbox 781 3958 865 4017; x_wconf 89' lang='lat' dir='ltr'>mslis</span> <span class='ocrx_word' id='word_1_334' title='bbox 880 3958 1072 4031; x_wconf 83' lang='lat' dir='ltr'>Plataesnses,</span> <span class='ocrx_word' id='word_1_335' title='bbox 1087 3960 1217 4020; x_wconf 86' lang='lat' dir='ltr'>omnium</span> 
     </span>
     <span class='ocr_line' id='line_1_41' title="bbox 117 4051 1218 4132; baseline 0.001 -20"><span class='ocrx_word' id='word_1_336' title='bbox 117 4072 212 4113; x_wconf 87' lang='lat' dir='ltr'>rerum</span> <span class='ocrx_word' id='word_1_337' title='bbox 235 4053 360 4132; x_wconf 90' lang='lat' dir='ltr'>penuria</span> <span class='ocrx_word' id='word_1_338' title='bbox 379 4062 588 4130; x_wconf 89' lang='lat' dir='ltr'>premerentur,</span> <span class='ocrx_word' id='word_1_339' title='bbox 612 4053 766 4132; x_wconf 87' lang='lat' dir='ltr'>desperata</span> <span class='ocrx_word' id='word_1_340' title='bbox 787 4051 891 4121; x_wconf 89' lang='lat' dir='ltr'>salute,</span> <span class='ocrx_word' id='word_1_341' title='bbox 916 4051 1070 4112; x_wconf 88' lang='lat' dir='ltr'>sortitione</span> <span class='ocrx_word' id='word_1_342' title='bbox 1090 4054 1168 4114; x_wconf 87' lang='lat' dir='ltr'>iuter</span> <span class='ocrx_word' id='word_1_343' title='bbox 1188 4072 1218 4113; x_wconf 84' lang='lat' dir='ltr'>se</span> 
     </span>
     <span class='ocr_line' id='line_1_42' title="bbox 118 4145 1219 4227; baseline 0.003 -22"><span class='ocrx_word' id='word_1_344' title='bbox 118 4146 206 4217; x_wconf 80' lang='lat' dir='ltr'>lacta,</span> <span class='ocrx_word' id='word_1_345' title='bbox 233 4145 281 4204; x_wconf 86' lang='lat' dir='ltr'>alii</span> <span class='ocrx_word' id='word_1_346' title='bbox 306 4152 519 4213; x_wconf 84' lang='lat' dir='ltr'>remanserunt,</span> <span class='ocrx_word' id='word_1_347' title='bbox 549 4145 733 4205; x_wconf 88' lang='lat' dir='ltr'>obsidionem</span> <span class='ocrx_word' id='word_1_348' title='bbox 758 4145 927 4205; x_wconf 86' lang='lat' dir='ltr'>toleraturi:</span> <span class='ocrx_word' id='word_1_349' title='bbox 964 4145 1012 4204; x_wconf 91' lang='lat' dir='ltr'>alii</span> <span class='ocrx_word' id='word_1_350' title='bbox 1046 4156 1219 4227; x_wconf 81' lang='lat' dir='ltr'>exspectata</span> 
     </span>
     <span class='ocr_line' id='line_1_43' title="bbox 118 4238 1219 4318; baseline 0.005 -24"><span class='ocrx_word' id='word_1_351' title='bbox 118 4249 216 4310; x_wconf 90' lang='lat' dir='ltr'>noete,</span> <span class='ocrx_word' id='word_1_352' title='bbox 230 4249 261 4298; x_wconf 91' lang='lat' dir='ltr'>et</span> <span class='ocrx_word' id='word_1_353' title='bbox 273 4238 382 4318; x_wconf 85' lang='lat' dir='ltr'>pluvia,</span> <span class='ocrx_word' id='word_1_354' title='bbox 397 4247 427 4297; x_wconf 86' lang='lat' dir='ltr'>et</span> <span class='ocrx_word' id='word_1_355' title='bbox 446 4254 553 4314; x_wconf 81' lang='lat' dir='ltr'>magno</span> <span class='ocrx_word' id='word_1_356' title='bbox 572 4248 671 4310; x_wconf 88' lang='lat' dir='ltr'>vento,</span> <span class='ocrx_word' id='word_1_357' title='bbox 687 4240 798 4317; x_wconf 85' lang='lat' dir='ltr'>egressi</span> <span class='ocrx_word' id='word_1_358' title='bbox 814 4241 895 4309; x_wconf 89' lang='lat' dir='ltr'>urbe,</span> <span class='ocrx_word' id='word_1_359' title='bbox 908 4238 1037 4299; x_wconf 89' lang='lat' dir='ltr'>hostium</span> <span class='ocrx_word' id='word_1_360' title='bbox 1056 4241 1219 4301; x_wconf 86' lang='lat' dir='ltr'>munitione</span> 
     </span>
     <span class='ocr_line' id='line_1_44' title="bbox 120 4328 1220 4412; baseline 0.007 -27"><span class='ocrx_word' id='word_1_361' title='bbox 120 4342 266 4406; x_wconf 78' lang='lat' dir='ltr'>superata,</span> <span class='ocrx_word' id='word_1_362' title='bbox 279 4333 403 4412; x_wconf 88' lang='lat' dir='ltr'>decepto</span> <span class='ocrx_word' id='word_1_363' title='bbox 423 4328 565 4399; x_wconf 85' lang='lat' dir='ltr'>exercitu,</span> <span class='ocrx_word' id='word_1_364' title='bbox 575 4330 717 4409; x_wconf 85' lang='lat' dir='ltr'>jugulatis</span> <span class='ocrx_word' id='word_1_365' title='bbox 741 4333 922 4405; x_wconf 88' lang='lat' dir='ltr'>custodibus,</span> <span class='ocrx_word' id='word_1_366' title='bbox 942 4333 1099 4393; x_wconf 86' lang='lat' dir='ltr'>miserabili</span> <span class='ocrx_word' id='word_1_367' title='bbox 1118 4334 1220 4395; x_wconf 86' lang='lat' dir='ltr'>habitu</span> 
     </span>
     <span class='ocr_line' id='line_1_45' title="bbox 110 4422 1219 4504; baseline 0.009 -26"><span class='ocrx_word' id='word_1_368' title='bbox 110 4422 290 4501; x_wconf 80' lang='lat' dir='ltr'>perveniunt</span> <span class='ocrx_word' id='word_1_369' title='bbox 303 4425 361 4485; x_wconf 91' lang='lat' dir='ltr'>huc</span> <span class='ocrx_word' id='word_1_370' title='bbox 383 4435 414 4484; x_wconf 88' lang='lat' dir='ltr'>et</span> <span class='ocrx_word' id='word_1_371' title='bbox 427 4422 596 4503; x_wconf 87' lang='lat' dir='ltr'>inopinato:</span> <span class='ocrx_word' id='word_1_372' title='bbox 619 4423 774 4501; x_wconf 83' lang='lat' dir='ltr'>reliqui,ri</span> <span class='ocrx_word' id='word_1_373' title='bbox 796 4436 882 4504; x_wconf 86' lang='lat' dir='ltr'>capta</span> <span class='ocrx_word' id='word_1_374' title='bbox 905 4426 984 4497; x_wconf 88' lang='lat' dir='ltr'>urbe,</span> <span class='ocrx_word' id='word_1_375' title='bbox 1005 4444 1110 4487; x_wconf 86' lang='lat' dir='ltr'>omnes</span> <span class='ocrx_word' id='word_1_376' title='bbox 1130 4428 1219 4488; x_wconf 88' lang='lat' dir='ltr'>inter·</span> 
     </span>
    </p>
   </div>
   <div class='ocr_carea' id='block_1_4' title="bbox 0 0 1348 4786">
    <p class='ocr_par' dir='ltr' id='par_1_4' title="bbox 0 0 1348 4786">
     <span class='ocr_line' id='line_1_46' title="bbox 0 0 1348 4786; baseline 0 0"><span class='ocrx_word' id='word_1_377' title='bbox 0 0 1348 4786; x_wconf 95' lang='lat' dir='ltr'> </span> 
     </span>
    </p>
   </div>
  </div>
 </body>
</html>
