2662 4792
163 285 223 344 766
464 274 640 347 CONTRA·
654 284 947 351 THEOCRINEM.

162 440 338 503 mniatorum
351 441 569 503 metuimmunis
582 443 698 523 degas?
723 442 802 504 Nam
817 464 876 524 quo
899 444 930 503 in
949 440 1014 504 aliis
1032 441 1143 518 injuriis
1157 440 1262 502 conlu-

163 534 271 614 gimus,
285 535 324 595 ad
351 533 443 614 leges,
462 536 502 596 ad
520 536 644 616 judicia,
657 536 696 596 ad
718 544 821 608 testes,
835 536 874 596 ad
897 534 1101 609 conciliabula,
1119 533 1187 593 hoec
1204 533 1267 593 illis·

161 628 287 706 quaestui
301 634 380 699 sunt,
393 627 423 686 in
436 627 483 688 his
493 628 569 688 vires
583 638 734 689 ostentant
747 646 830 696 suasa
842 629 952 690 amicos
968 627 1139 689 existimant
1150 626 1261 707 eosqui

161 728 327 792 numerant,
340 719 451 792 hostes,
463 721 597 782 homines
611 721 723 800 quietos
737 730 768 781 et
780 720 897 781 divites.

206 813 253 870 17.
268 811 473 873 Recordamini
490 813 589 893 igitur,
601 813 734 886 ludices,
748 823 778 874 et
795 813 988 894 improbitatis
1008 815 1143 884 istorum,
1157 823 1189 875 et
1201 830 1261 877 ma·

157 905 255 985 jurum
273 913 450 977 nostrorum,
470 924 596 985 quorum
610 905 782 985 Epichares,
795 925 869 966 avus
883 925 979 979 meus,
993 906 1141 987 Olympiae
1154 927 1260 987 pueros

161 995 258 1059 stadio
270 998 351 1071 vicit,
365 1016 562 1078 coronamque
575 997 743 1079 reipublice
757 997 865 1073 retulit,
878 1009 910 1058 et
923 999 1002 1078 apud
1010 999 1139 1079 majores
1149 1010 1260 1063 vestros

161 1110 230 1152 cum
242 1092 323 1152 bona
335 1090 547 1152 existimatione
561 1092 639 1152 diem
652 1111 738 1152 suum
752 1091 834 1152 obiit.
875 1091 939 1151 Nos
952 1110 1022 1152 vero
1034 1100 1157 1172 propter
1173 1092 1264 1155 istum·

161 1186 216 1247 diis
239 1186 363 1246 invisum
385 1186 444 1246 hac
468 1187 586 1247 civitate
609 1185 789 1258 fraudamur,
803 1204 857 1264 pru
876 1204 936 1264 qua
948 1185 1149 1247 Aristocrates
1165 1186 1260 1248 Scellii

161 1278 250 1352 filius,
264 1278 426 1341 avunculus
448 1278 600 1360 Epicharis
625 1280 672 1339 avi
691 1278 761 1350 mei,
776 1278 860 1359 cujus
880 1278 949 1338 huic
966 1279 1049 1339 fratri
1069 1298 1138 1340 meo
1156 1298 1262 1341 nomeu

158 1373 353 1445 estinditum,
366 1371 468 1433 multis
488 1381 520 1431 et
540 1371 690 1453 praeclaris
711 1373 798 1432 rebus
821 1371 919 1451 gestis,
932 1370 1044 1430 bellum
1062 1380 1169 1432 nostra
1190 1374 1258 1433 urbo
1288 1392 1294 1407 ·

159 1478 280 1547 gerente
292 1485 361 1528 cum
373 1464 615 1538 Lacedaemoniis‚
628 1483 730 1525 eversa
743 1464 897 1536 Eetionea,
915 1465 945 1523 in
966 1482 1056 1542 quam
1071 1463 1182 1526 Critias
1195 1484 1258 1525 cum

158 1560 263 1620 ceteris
272 1556 402 1640 tyrannis
413 1555 652 1617 Lacedaemonios
664 1565 835 1637 recepturus
855 1557 921 1629 luit,
934 1554 1095 1616 castellum
1105 1577 1122 1616 e
1132 1576 1195 1636 quo
1207 1577 1257 1639 op-

158 1652 363 1734 pugnabamur
382 1648 481 1720 diruit,
504 1648 703 1728 populumque
720 1648 864 1709 restituit:
893 1667 953 1708 non
972 1647 1055 1722 talia,
1076 1650 1179 1729 qualia
1198 1650 1257 1711 luae

160 1753 231 1805 sunt
251 1740 382 1823 pericula
395 1741 526 1814 subiens,
540 1742 596 1801 sed
608 1745 671 1817 ejus
686 1741 810 1821 generis,
825 1741 975 1821 inquibus
989 1749 1019 1800 et
1032 1752 1159 1802 mortem
1171 1762 1256 1824 oppa·

157 1847 221 1897 tere
246 1834 418 1915 praclarum
445 1842 500 1904 est,
514 1841 544 1891 et
567 1841 691 1892 constris
720 1851 832 1906 eorum,
855 1833 906 1913 qui
930 1832 1013 1919 uobis
1034 1832 1255 1911 insidiabantur,

156 1927 349 2008 compescuit.
404 1925 528 2004 Propter
548 1943 647 2003 quem,
669 1923 695 1985 si
718 1925 874 1986 Theocrini
897 1924 1007 1985 similes
1030 1944 1175 2000 essemus,
1194 1930 1255 2008 juro

157 2040 211 2082 nos
225 2017 445 2091 conservaretis,
462 2016 583 2090 nedum,
604 2036 672 2077 cum
690 2037 727 2078 eo
746 2018 881 2078 meliores
894 2018 995 2090 simus,
1006 2018 1179 2099 justamque
1190 2040 1255 2083 cau·

158 2135 220 2176 sam
232 2114 404 2174 habeamus.
444 2111 551 2190 Neque
565 2110 643 2170 enim
661 2129 741 2192 saepe
754 2130 819 2186 vos,
832 2111 878 2171 his
892 2110 1037 2184 dicendis,
1052 2114 1254 2176 obtundamus.

159 2207 210 2268 Sic
233 2207 311 2268 enim
331 2207 391 2266 iste
413 2202 568 2264 nobiscum
585 2204 656 2282 egit,
672 2213 718 2275 ut,
739 2203 820 2284 quod
837 2213 867 2264 et
883 2203 965 2265 initio
978 2204 1126 2280 dicebam,
1140 2227 1178 2268 ue
1191 2227 1253 2289 spes

157 2301 276 2380 quidem
289 2299 352 2359 ulla
365 2297 450 2357 nobis
464 2297 503 2357 sit
514 2295 627 2375 reliqua
638 2296 683 2357 vel
697 2298 856 2378 peregrinis
871 2316 1021 2358 concessoe
1034 2297 1184 2363 libertatis.
1216 2302 1254 2363 Ut

155 2393 255 2474 igitur,
268 2392 294 2452 si
306 2390 379 2451 nihil
392 2390 483 2464 aliud,
496 2390 545 2450 rel
562 2389 621 2449 hoc
642 2390 777 2450 solatium
789 2391 961 2464 habeamus,
974 2400 1009 2450 ut
1023 2402 1054 2452 et
1069 2392 1162 2453 istum
1175 2414 1252 2456 cosr-

156 2487 247 2547 citum
266 2485 431 2557 videamus,
452 2502 506 2543 nos
528 2481 679 2561 adjuvate:
709 2484 886 2544 miseremini
910 2504 1021 2557 eorum,
1044 2484 1096 2563 qui
1119 2496 1252 2549 anostra

155 2578 266 2639 familia
287 2587 409 2635 mortem
431 2595 484 2654 pro
503 2574 654 2653 republica
667 2576 866 2654 oppetierunt:
889 2577 987 2655 cogite
1010 2597 1078 2637 eum
1103 2579 1143 2638 ad
1164 2583 1249 2660 ipsam

155 2670 332 2730 delationem
346 2666 540 2747 respondero:
555 2675 585 2726 et
599 2667 673 2725 tales
686 2668 717 2725 in
730 2668 794 2746 ejus
806 2686 895 2728 causa
908 2690 960 2729 vos
974 2672 1115 2749 praebete,
1125 2672 1249 2745 ludices,

156 2761 250 2842 qualis
263 2761 319 2820 iste
332 2758 423 2818 nostri
435 2758 490 2817 fuit
504 2768 666 2832 accusator,
686 2759 736 2838 qui
754 2758 886 2838 deceptis
903 2762 1064 2840 judicibus,
1078 2765 1248 2825 mediocrem

154 2856 280 2935 aliquam
302 2852 433 2932 infligere
456 2852 595 2912 mulctam
617 2852 694 2931 patri
715 2851 819 2925 noluit,
833 2873 880 2912 me
903 2855 1026 2915 multum
1047 2857 1204 2931 obtestato,
1221 2864 1248 2916 et

154 2959 222 3010 ante
244 2948 307 3028 ejus
323 2966 420 3028 genua
433 2945 600 3026 suppliciter
613 2945 779 3025 provoluto,
794 2946 858 3019 sed,
873 2956 1010 3025 tanquam
1031 2959 1116 3027 pater
1137 2968 1246 3029 rempu-

152 3041 259 3103 blicam
283 3040 470 3121 prodidisset,
494 3038 574 3099 litem
597 3040 624 3099 ei
648 3039 752 3098 decem
771 3038 892 3099 talentis
917 3041 1083 3102 aestimavit.
1127 3044 1244 3102 Oramus

152 3134 241 3213 igitur
255 3143 344 3213 atque
358 3134 555 3204 obsecramus,
568 3141 601 3189 ut
616 3131 698 3210 justa
711 3150 777 3209 quae
800 3141 878 3202 sunt,
894 3131 1069 3192 decernatis.
1111 3133 1194 3196 Heus
1206 3144 1243 3203 tu,

154 3226 293 3286 auxiliare
305 3225 399 3298 nobis,
412 3223 437 3285 si
450 3224 520 3303 quirl
533 3225 635 3299 habes,
647 3234 677 3284 et
689 3224 880 3304 patrocinare.
923 3224 1089 3287 Adscende.
