2662 4792
156 272 224 331 8214·
466 266 653 327 mortula
674 266 941 329 concionum.

162 424 307 506 probandi
324 442 361 483 ea
379 440 445 501 qum
458 425 520 483 viso
536 424 655 498 insunt,
668 434 699 483 et
711 422 914 484 considerandi
933 422 1005 501 quid
1023 420 1166 502 iri-primis
1189 442 1256 503 pro-

162 520 290 579 laturum
304 536 369 579 essa
382 514 523 577 rideatur.

644 671 764 733 XVIII.

176 839 182 849 .
204 792 375 863 Vobiscum,
387 792 590 862 Athenienses,
611 792 703 870 prodii
717 793 756 853 ad
770 793 999 868 deliberandum,
1010 814 1050 855 an
1069 792 1139 853 mihi
1153 792 1252 855 diceu-

165 886 234 945 dum
248 894 334 957 esset,
347 904 403 944 nec
424 904 479 944 ne:
500 886 687 962 quamobrem
702 885 844 945 autemid
861 896 985 947 statuere
1006 908 1161 967 nequeam,
1174 889 1253 949 vobis

164 977 324 1057 explicabo.
365 978 494 1035 Necesse
512 961 601 1035 h'abet
621 978 644 1036 is
668 978 719 1055 qui
736 998 792 1038 nec
815 978 870 1038 sibi
891 999 945 1039 nec
963 979 1028 1039 aliis
1050 979 1188 1051 blandiri,
1202 980 1254 1041 sed

164 1088 218 1151 pro
231 1070 313 1131 vobis
325 1070 422 1130 dicere
436 1090 501 1149 quas
522 1072 646 1129 maxime
659 1072 812 1150 profutura
824 1092 993 1151 persuasum
1007 1073 1107 1145 habet,
1121 1074 1253 1147 Instituit,

165 1176 196 1227 et
208 1184 245 1224 ea
256 1166 443 1243 comprobare
463 1180 529 1241 ques
542 1162 656 1241 utrique
667 1174 744 1225 recte
758 1164 904 1238 dixerunt,
919 1175 1079 1246 contraque
1092 1166 1257 1227 refellereri

165 1273 224 1340 qua
243 1258 350 1338 injusta
370 1256 530 1337 postulant.
571 1256 660 1325 Quod
684 1257 708 1315 si
730 1276 782 1317 ros
804 1268 928 1337 utraque
946 1259 1012 1318 haec
1033 1258 1134 1319 audire
1156 1260 1255 1339 digne

164 1351 235 1412 mini
250 1350 362 1431 paucis,
376 1349 470 1409 multo
486 1348 595 1409 rectius
615 1348 730 1429 reliquis
747 1350 835 1409 rebus
849 1352 1026 1412 consuletis:
1040 1352 1088 1412 sin
1103 1360 1173 1412 ante
1186 1370 1254 1432 cog·

166 1444 307 1504 ditionem
330 1442 472 1513 resilieris,
491 1460 547 1501 usu
568 1440 639 1501 mihi
661 1442 757 1502 veniet
776 1452 820 1517 ut,
833 1444 863 1502 in
884 1453 1004 1504 neutros
1025 1444 1158 1524 injurius,
1180 1442 1256 1525 apud

165 1546 304 1613 utrosque
330 1535 361 1594 in
384 1536 495 1595 crimen
518 1535 643 1596 veniam.
704 1535 741 1594 In
767 1556 828 1615 quo
859 1536 959 1616 inique
992 1556 1109 1598 mecum
1145 1546 1254 1617 agetur.

165 1628 294 1688 Proinde
317 1627 342 1687 si
358 1627 479 1707 jubetis,
495 1626 592 1688 dicem
613 1646 679 1687 sum
701 1636 838 1708 paratus:
860 1629 905 1689 sin
926 1630 1032 1704 minus,
1052 1629 1142 1691 etiam
1161 1640 1257 1693 tacere

166 1738 227 1781 seu
248 1737 363 1781 recuso.

670 1873 756 1933 XIX.

209 1991 248 2048 Et
255 1990 377 2070 justum,
392 1990 599 2062 Athenienses,
613 2000 643 2050 et
662 1990 734 2049 utile
749 1989 879 2061 arbitror,
893 2001 928 2050 ut
944 1993 1064 2052 crimina
1085 2002 1116 2053 et
1139 2012 1254 2054 accuss-

167 2084 273 2156 tiones,
285 2103 352 2142 cum
373 2081 594 2142 deliberandum
613 2093 667 2156 est,
689 2084 814 2163 quisque
835 2086 968 2145 omittat:
990 2096 1020 2146 et
1042 2087 1201 2167 propositis
1220 2086 1254 2147 de

167 2178 254 2237 rebus
268 2176 298 2235 id
313 2176 401 2248 dicat,
415 2177 497 2253 quod
516 2176 656 2255 optimum
677 2196 742 2236 esse
762 2176 854 2237 ducit.
895 2178 974 2238 Nam
987 2180 1133 2258 quosdam
1152 2180 1254 2241 esseio

168 2280 312 2331 causant
333 2288 381 2330 res
402 2270 478 2331 male
491 2290 523 2331 se
543 2270 680 2343 habeant,
703 2260 803 2331 omnes
825 2273 951 2333 scimus:
973 2293 1033 2353 quo
1051 2283 1144 2354 pacto
1164 2284 1255 2336 sutem

168 2362 318 2423 emendari
337 2371 456 2440 queant,
468 2363 501 2422 id
524 2363 668 2442 explicare
692 2364 871 2424 consulentis
896 2366 1024 2425 officium
1045 2378 1102 2427 est.
1145 2366 1256 2429 Deinde

167 2476 234 2517 rues
246 2457 364 2535 quidem
379 2457 525 2516 sententia
546 2476 627 2516 acres
650 2457 881 2535 delinquentium
901 2470 1088 2520 accusatores
1110 2472 1190 2533 sunt,
1202 2478 1257 2519 uon

168 2550 218 2627 qui
232 2550 337 2608 talibus
352 2550 529 2627 temporibus
544 2548 572 2607 in
588 2559 655 2607 acta
667 2550 826 2627 inquirunt,
841 2572 907 2610 cum
922 2552 963 2610 illi
982 2553 1077 2612 nullas
1092 2574 1196 2633 poenas
1209 2554 1255 2613 da·

166 2640 260 2699 bunt:
282 2639 334 2697 sed
348 2640 396 2717 qui
411 2640 467 2698 tale
489 2639 641 2697 consilium
664 2641 732 2699 dare
746 2653 894 2719 poterunt,
907 2664 960 2721 per
973 2646 1053 2722 quod
1078 2645 1256 2706 incommoda

166 2731 231 2790 haec
245 2731 458 2809 propulsentur.
494 2732 610 2788 Horum
625 2733 700 2790 enirn
716 2752 804 2810 opera
815 2754 866 2812 per
880 2737 971 2795 otium
987 2738 1067 2797 etde
1082 2739 1140 2798 illis
1152 2756 1256 2798 sumere

168 2824 342 2902 supplicium
364 2824 504 2903 poteritis.
533 2828 577 2883 Ac
599 2825 656 2883 alia
679 2827 796 2903 quidem
817 2831 903 2888 verba
927 2833 1025 2890 omnia
1046 2850 1255 2910 supervacanea

169 2938 231 2978 esse
246 2938 370 2978 censeo:
393 2938 459 2995 quse
474 2929 571 2977 autem
586 2919 623 2978 ad
645 2919 881 2981 deliberationem
896 2924 971 2982 hanc
986 2927 1139 3002 profutura
1151 2938 1253 3005 putem,

167 3031 203 3071 ea
217 3012 314 3072 dicere
328 3014 467 3082 conabor,
481 3013 505 3071 si
529 3012 608 3090 prius
633 3012 689 3070 hoc
707 3025 820 3073 tantum
835 3018 1028 3095 postulavero,
1044 3018 1069 3076 si
1092 3025 1175 3094 cujus
1188 3020 1256 3077 forte

166 3105 236 3163 facti
258 3105 432 3163 mentionem
447 3106 551 3175 fecero,
566 3125 603 3163 ne
617 3104 647 3162 id
669 3109 827 3166 accusandi
841 3110 938 3168 studio
958 3130 1004 3168 me
1026 3110 1125 3171 dicere
1144 3111 1255 3192 putetis,

168 3198 220 3256 sed
244 3208 277 3256 ut
303 3199 336 3256 iis
362 3218 428 3276 quse
451 3209 512 3255 tum
536 3217 686 3275 perperam
707 3198 807 3275 egistis
830 3201 992 3260 indicandis
1017 3222 1150 3275 caveam,
1175 3224 1211 3263 ne
1230 3202 1255 3259 in

167 3291 274 3350 similes
288 3276 390 3350 clades
404 3291 547 3349 incidatis

681 3450 748 3507 XX.

206 3562 237 3619 Si
251 3562 338 3620 etiam
358 3564 507 3641 superiore
523 3576 661 3644 tempore,
677 3568 885 3635 Athenienses,
901 3566 989 3624 nullis
1004 3566 1115 3625 addicti
1130 3569 1256 3645 partibus

167 3666 197 3716 et
211 3654 381 3714 studiis-its
404 3658 548 3733 tranquilli
568 3661 734 3730 fuissemus,
749 3670 781 3717 ut
804 3659 833 3716 iu
856 3661 1009 3737 praesentia
1031 3679 1142 3729 sumus,
1158 3681 1213 3719 nee
1228 3676 1259 3718 et

165 3770 230 3829 quae
245 3769 323 3806 nunc
342 3750 422 3807 facta
443 3760 511 3807 suut
529 3764 666 3811 eventura
686 3753 774 3810 fuisse
797 3754 909 3830 opiner,
924 3763 954 3810 et
973 3762 1144 3811 caeterarum
1167 3770 1259 3813 rerum

164 3843 264 3901 multae
279 3842 309 3899 in
323 3842 388 3901 loco
402 3842 520 3901 meliore
538 3845 619 3902 vobis
638 3856 745 3903 essent.
790 3848 876 3903 Nunc
897 3846 1058 3923 petulantia
1077 3847 1259 3924 quorundam

165 3937 244 4005 lacit,
259 3946 293 3993 ut
301 3956 354 3994 uec
370 3937 494 4013 prodire,
508 3956 564 3994 nee
578 3957 722 4015 perorare,
738 3950 824 4018 atquc
840 3938 913 3996 adeo
932 3958 968 3995 ne
988 3938 1126 3997 inchoare
1145 3941 1260 4017 quidem

166 4031 254 4088 liceat
267 4030 437 4088 orationem.
480 4032 546 4097 Qua
559 4050 594 4088 ex
609 4050 640 4088 re
653 4032 743 4089 multa
758 4033 904 4090 exsistunt
923 4051 1013 4108 euque
1030 4031 1107 4090 haud
1131 4032 1261 4092 fortassis

168 4136 341 4201 opportuna.
379 4122 466 4191 Quod
483 4123 506 4180 si
525 4123 793 4200 istapercontauda
808 4134 886 4192 sunt,
902 4135 931 4181 et
944 4145 1003 4182 non
1018 4126 1261 4186 considerandum

164 4216 234 4290 quid
256 4218 301 4292 agi
326 4216 490 4286 conveniat,
517 4216 678 4291 vestrisque
699 4217 906 4293 cupiditatibus
933 4236 1010 4274 nune
1028 4218 1260 4295 obsequendum,

164 4306 328 4371 decernetis
342 4330 387 4380 ea,
396 4328 463 4388 quae
473 4320 503 4367 et
514 4308 711 4386 superioribus
726 4310 914 4388 temporibus,
927 4310 1029 4369 instrui
1043 4311 1182 4383 classem,
1195 4330 1262 4371 con-

155 4402 271 4479 scendi,
301 4406 411 4467 tributa
438 4402 574 4477 coulerrI,
600 4402 698 4463 omnia
714 4422 749 4463 ea
775 4404 838 4463 ficri
862 4404 925 4482 jam
952 4415 1102 4484 oportere:
1138 4422 1261 4484 quorum
