2662 4792
109 272 174 335 694
422 270 645 333 ADVERSUS
666 270 903 333 POLYGLEM.

108 437 250 511 tempore,
264 447 333 489 cum
351 426 390 488 ad
404 446 510 489 navem
530 447 590 488 uon
609 427 730 501 veniret,
743 438 774 489 et
786 437 896 506 quauta
908 427 970 507 ipse
984 424 1117 506 pericula
1137 426 1209 487 sub-

108 520 192 583 ierim
208 531 269 581 tum
287 530 496 600 tempestatum
511 530 575 581 tum
587 520 727 581 hostium.
768 520 843 599 Post
854 520 932 580 enim
946 518 1092 599 perducta
1106 518 1211 579 Maro·

108 634 195 676 neam
202 613 318 692 navigia
328 633 396 673 cum
406 614 534 673 Tbasum
545 614 789 693 pervenissemus,
798 633 834 673 eo
842 613 991 693 profectus
1001 610 1211 671 'limomacbua

108 725 207 767 rursus
219 706 397 786 perducebat
416 726 483 767 erun
496 706 610 767 Tbasiis
630 708 768 786 Strymen
781 706 957 766 frumentum
970 715 1000 764 et
1018 713 1164 777 scumtos,
1177 714 1212 769 ut

108 797 174 878 ipse
194 797 292 859 locum
313 798 395 858 illum
418 809 628 879 occupatums.
679 800 754 859 Cum
779 817 847 857 vero
869 794 1025 857 Maronitas
1044 796 1145 857 classe
1165 797 1210 855 in-

109 900 222 953 structa
235 891 387 952 nobiscum
402 892 439 951 de
452 912 488 952 eo
501 892 568 952 loco
578 890 742 952 dimicaturi
755 899 901 963 essent‚et
910 889 1016 948 milites
1029 888 1122 968 longa
1131 889 1212 949 navi·

108 983 227 1063 gatione
240 985 354 1064 fatigati
366 1004 457 1046 naves
472 985 569 1044 Thaso
591 986 728 1063 Strymeu
745 982 902 1054 traherent,
916 992 947 1041 et
958 982 1063 1061 hyems
1076 992 1168 1056 esset,
1182 992 1213 1043 et

108 1076 194 1138 loeus
207 1086 323 1157 portum
337 1097 396 1137 non
409 1076 541 1150 haberet,
550 1096 607 1136 nec
617 1075 797 1135 exscendere
811 1085 843 1134 et
855 1093 971 1135 coenare
984 1073 1014 1131 in
1025 1072 1128 1133 hostili
1140 1094 1211 1153 agra

108 1169 223 1239 liceret,
245 1189 281 1229 ac
294 1188 409 1229 murum
422 1169 550 1248 undique
563 1179 593 1230 et
611 1168 780 1229 mercenarii
793 1167 899 1227 milites
917 1177 947 1226 et
960 1167 1078 1225 barbari
1096 1166 1211 1227 finitimi

109 1260 358 1329 circumsiderent‚
381 1281 503 1322 necesse
522 1262 578 1321 fuit
599 1261 630 1321 in
652 1260 787 1321 anchoris
805 1260 836 1318 in
849 1258 910 1318 alto
928 1259 1072 1319 fluctuare
1091 1269 1211 1319 noctem

109 1354 190 1415 illam
203 1355 365 1415 ineoenatos
386 1366 417 1416 et
430 1355 591 1426 insomnes,
606 1365 636 1415 et
656 1354 796 1414 excubias
810 1353 929 1424 habere,
944 1372 981 1412 ne
996 1352 1210 1413 Maronitamm

110 1448 242 1510 triremes
255 1460 347 1511 noctu
360 1470 398 1509 ex
410 1449 523 1511 insidiis
536 1449 678 1529 impetum
700 1449 731 1508 in
751 1467 806 1507 nos
826 1448 957 1507 facerent
968 1456 1115 1525 praeterea
1123 1447 1212 1507 fiebat

110 1550 211 1614 noctu,
225 1554 344 1621 propter
358 1541 426 1601 anni
440 1553 566 1622 tempus,
580 1550 613 1600 ut
626 1541 734 1621 pluviae
744 1550 776 1600 et
788 1539 917 1600 tonitrua
930 1547 960 1599 et
972 1547 1079 1598 ventus
1087 1557 1210 1618 magnus

109 1634 348 1706 oriretur,-haec
369 1635 445 1695 enim
467 1637 522 1695 sub
544 1635 642 1715 ipsum
663 1634 817 1693 Pleiadum
831 1651 969 1693 occasum
987 1632 1071 1692 facta
1093 1642 1210 1705 suut-7

110 1745 183 1804 quas
197 1728 235 1786 ob
249 1746 296 1786 res
309 1728 339 1784 in
352 1748 440 1806 quam
463 1728 552 1787 animi
573 1726 777 1807 aegritudinem
799 1746 859 1785 non
881 1725 1018 1785 incidisse
1039 1724 1148 1785 milites
1160 1744 1210 1785 ax·

109 1817 263 1877 mutuatis?
284 1838 372 1897 quam
390 1820 498 1880 multos
512 1840 530 1879 a
542 1840 589 1880 me
600 1829 704 1899 postea
717 1818 867 1898 aufugisse
880 1837 982 1877 rursus
994 1827 1127 1877 veterum
1140 1836 1210 1877 nau-

110 1915 215 1982 tarum,
230 1929 296 1969 oum
310 1920 472 1990 etmagnas
494 1932 639 1971 aerumnas
653 1913 821 1984 tolerarent,
835 1921 866 1971 et
886 1930 983 1990 operae
1004 1910 1102 1989 pretia
1125 1930 1212 1990 parra

110 2003 253 2074 facerent,
270 2015 412 2083 qnantum
427 2005 540 2065 scilieet
553 2024 609 2083 ego
623 2004 665 2064 eis
685 2005 724 2064 ad
743 2004 793 2063 illa
812 2022 878 2082 quae
896 2003 977 2083 prius
991 2022 1010 2061 a
1024 2022 1071 2062 me
1085 2004 1212 2063 abstule-

110 2108 176 2157 rant
186 2107 320 2159 mutuare
330 2099 481 2178 poteram?
495 2099 573 2159 Nam
583 2099 645 2159 dux
655 2118 693 2158 na
703 2098 734 2157 id
744 2097 863 2176 quidem
873 2096 952 2175 quod
963 2095 1001 2155 ad
1011 2095 1211 2174 quotidianam

112 2190 278 2251 alimoniam
301 2192 459 2270 pertineret
482 2191 698 2271 suppeditabat,
721 2200 751 2249 et
771 2191 833 2270 jam
858 2198 917 2247 tres
935 2207 1054 2247 menses
1082 2188 1211 2267 legitimo

111 2287 293 2365 praefecturae
306 2285 432 2364 tempori
445 2285 619 2365 adjeceram,
630 2295 661 2344 et
678 2304 746 2344 curn
765 2284 822 2343 iate
839 2282 969 2342 nondum
985 2282 1024 2342 ad
1044 2302 1147 2342 navem
1162 2303 1211 2343 ve·

109 2377 196 2451 niret,
209 2396 267 2456 ego
279 2376 311 2436 in
324 2375 506 2439 desertorum
518 2376 618 2438 locum
631 2388 738 2437 nautas
750 2376 962 2447 conducebam,
973 2385 1082 2435 -mutuo
1096 2384 1211 2457 sumpta

110 2469 248 2549 pecunia.

153 2564 182 2618 7.
205 2558 267 2618 Soli
281 2570 379 2620 autem
394 2560 469 2620 istie
484 2563 597 2621 caeteris
611 2563 828 2623 suecessoribus
843 2565 926 2624 nulla
943 2564 1114 2644 relinquitur
1126 2584 1211 2625 exeu-

113 2649 197 2720 satio,
212 2671 265 2709 cur
274 2671 333 2710 non
348 2651 441 2712 multo
453 2663 519 2712 ante
533 2654 571 2712 ad
585 2675 688 2713 navem
702 2658 822 2715 venerit.
859 2659 1024 2719 Euctemon
1039 2663 1117 2720 enim
1128 2660 1212 2721 semi·

112 2743 253 2812 centurio,
271 2752 305 2800 ut
319 2763 358 2801 ex
378 2744 574 2824 Hellesponto
593 2757 712 2825 propter
733 2751 867 2808 morbum
891 2751 1010 2810 domum
1032 2765 1087 2813 cst.
1100 2754 1212 2823 missua,

111 2853 200 2911 quum
212 2833 338 2912 primum
353 2836 466 2914 appulit
479 2847 510 2896 et
523 2839 614 2897 audiit
628 2839 715 2898 istum
728 2841 795 2898 mihi
807 2862 1006 2904 successorem
1022 2845 1135 2918 datum,
1147 2865 1213 2906 cum

113 2926 203 2986 sciret
211 2927 272 3006 jam
288 2938 319 2987 et
332 2928 427 2989 exisse
441 2939 557 3009 tempus
571 2932 753 3011 praefecturae
767 2954 849 3008 meaa,
865 2947 895 2995 et
914 2958 961 2996 me
976 2938 1044 3017 jam
1061 2940 1137 2999 ultra
1157 2930 1214 2999 terss

113 3020 225 3079 minum
249 3023 363 3092 abesse,
379 3023 509 3083 adhibito
526 3024 615 3084 Dinia
635 3046 737 3085 socero
758 3046 835 3099 mec,
851 3049 918 3087 eum
937 3030 965 3087 in
982 3031 1123 3109 Digmate
1144 3052 1213 3091 con·

113 3114 204 3186 venit,
218 3124 249 3173 et
262 3117 476 3194 quamprimum
491 3117 528 3175 ad
544 3138 646 3178 navem
661 3119 739 3178 abire
748 3119 845 3194 jussit,
855 3122 1003 3200 impensas
1018 3124 1137 3183 enimin
1153 3125 1213 3184 dies

114 3206 247 3284 singulos
262 3227 385 3285 magnas
399 3210 471 3279 fieri,
490 3220 597 3290 praeter
610 3222 804 3272 commeatum
818 3214 867 3292 qui
882 3234 899 3273 a
913 3215 1031 3274 ducein
1045 3238 1150 3276 navem
1163 3218 1214 3277 da·

113 3308 210 3367 retur;
233 3319 268 3358 ac
287 3302 455 3378 siugulatim
469 3304 496 3362 ei
515 3307 760 3379 commemoravit,
776 3328 841 3386 quae
865 3310 1016 3369 mercedes
1042 3312 1165 3389 remigio
1186 3321 1215 3371 et

114 3390 254 3449 militibus
268 3392 298 3449 in
314 3393 447 3470 singulos
467 3416 583 3456 menses
603 3410 833 3472 numerarentur,
850 3422 915 3480 quae
935 3402 1034 3462 nautis
1055 3424 1130 3482 quos
1153 3406 1214 3485 ipse

113 3481 272 3560 Lampsaci
287 3485 486 3559 conduxisset,
501 3510 567 3567 quae
581 3490 616 3549 iis
630 3492 679 3569 qui
695 3493 724 3549 in
739 3493 921 3552 desertorum
935 3495 1032 3555 locum
1052 3499 1214 3558 inscendis-

115 3584 192 3648 sent,
211 3586 408 3655 praetereaque
429 3581 500 3658 quid
516 3593 647 3642 veterum
669 3595 823 3644 nautarum
847 3589 969 3666 singulis
990 3602 1110 3669 rogatus
1135 3590 1214 3651 addi·

115 3668 235 3739 dissem,
249 3679 404 3747 postquam
425 3673 495 3731 mihi
518 3677 699 3752 praefecturae
714 3680 826 3738 navalis
847 3682 909 3740 dies
932 3682 1052 3755 exisset,
1067 3695 1097 3743 et
1111 3694 1215 3744 caetera

115 3782 182 3840 quae
196 3762 225 3821 in
244 3782 347 3822 navem
367 3767 498 3843 quotidie
522 3769 767 3849 impenderentur,
784 3794 851 3852 quae
871 3795 929 3834 non
954 3776 1120 3855 ignorabat.
1162 3778 1215 3837 Per

115 3876 182 3915 eum
197 3856 284 3928 enirn,
300 3857 370 3916 dum
386 3860 659 3922 semicenturionem
674 3876 784 3942 ageret,
799 3876 827 3924 et
840 3870 1012 3928 emebantur
1023 3880 1053 3928 et
1067 3871 1215 3950 expende·

66 3995 68 3999 .
114 3950 221 4007 bantur
236 3950 342 4008 omnia.
385 3951 431 4009 De
447 3955 630 4015 armamentis
643 3976 739 4036 porro,
762 3968 808 4016 nte
829 3960 960 4037 privatim
977 3982 1014 4020 ea
1027 3962 1138 4023 habere
1157 3974 1216 4024 ete

114 4043 234 4121 publico
247 4041 318 4100 nihil
333 4043 482 4122 accepisse
501 4046 609 4104 retulit.
652 4048 724 4107 Eam
741 4049 840 4128 igitur,
853 4051 958 4131 inquit,
974 4054 1045 4112 inito
1064 4055 1215 4127 rationem,

115 4145 149 4193 ut
174 4145 226 4194 aut
249 4137 285 4193 ab
308 4154 343 4193 eo
366 4136 416 4195 illa
439 4138 585 4215 impetres,
606 4150 657 4198 aut
678 4154 858 4202 armamenta
878 4147 992 4223 privata
1009 4146 1080 4206 hinc
1104 4148 1218 4208 afferas.

116 4228 247 4288 Arbitror
268 4240 364 4287 autern
378 4228 404 4287 ei
418 4229 502 4288 facile
526 4241 625 4289 tecum
644 4246 874 4295 conventurum:
895 4237 954 4297 illic
969 4239 1046 4297 enim
1060 4244 1215 4318 pecuniam

117 4319 215 4392 debet,
228 4341 315 4399 quam
329 4321 492 4382 dissolvere
506 4323 586 4383 volet
600 4324 637 4384 de
651 4327 745 4405 pretio
757 4340 1010 4390 armamentorum.
1040 4333 1096 4392 His
1113 4336 1168 4395 iste
1182 4354 1217 4395 ex

113 4409 299 4475 Euctemone
314 4423 342 4474 et
356 4415 447 4476 Dinia
461 4436 562 4477 socero
577 4439 642 4478 meo
657 4421 773 4494 auditis,
785 4423 822 4482 ad
835 4445 871 4484 ea
884 4444 950 4503 quae
960 4425 985 4484 ei
997 4424 1133 4487 dixerant
1147 4428 1216 4487 nihil
