<?xml version="1.0" encoding="UTF-8"?>
<!DOCTYPE html PUBLIC "-//W3C//DTD XHTML 1.0 Transitional//EN"
    "http://www.w3.org/TR/xhtml1/DTD/xhtml1-transitional.dtd">
<html xmlns="http://www.w3.org/1999/xhtml" xml:lang="en" lang="en">
 <head>
  <title>
</title>
<meta http-equiv="Content-Type" content="text/html;charset=utf-8" />
  <meta name='ocr-system' content='tesseract 3.04.00' />
  <meta name='ocr-capabilities' content='ocr_page ocr_carea ocr_par ocr_line ocrx_word'/>
</head>
<body>
  <div class='ocr_page' id='page_1' title='image "./demosthenisetsc00amergoog_0253.png"; bbox 0 0 2662 4792; ppageno 0'>
   <div class='ocr_carea' id='block_1_1' title="bbox 114 262 911 325">
    <p class='ocr_par' dir='ltr' id='par_1_1' title="bbox 114 262 911 325">
     <span class='ocr_line' id='line_1_1' title="bbox 114 262 911 325; baseline -0.001 -4"><span class='ocrx_word' id='word_1_1' title='bbox 114 265 173 325; x_wconf 72' lang='lat'><strong>742</strong></span> <span class='ocrx_word' id='word_1_2' title='bbox 418 263 636 325; x_wconf 75' lang='lat' dir='ltr'><strong>anteusus</strong></span> <span class='ocrx_word' id='word_1_3' title='bbox 659 262 911 323; x_wconf 84' lang='lat' dir='ltr'><strong>EUBULIDEM.</strong></span> 
     </span>
    </p>
   </div>
   <div class='ocr_carea' id='block_1_2' title="bbox 105 415 1208 4470">
    <p class='ocr_par' dir='ltr' id='par_1_2' title="bbox 114 415 1208 958">
     <span class='ocr_line' id='line_1_2' title="bbox 117 415 1207 497; baseline 0.002 -22"><span class='ocrx_word' id='word_1_4' title='bbox 117 417 219 490; x_wconf 89' lang='lat' dir='ltr'><strong>oratis,</strong></span> <span class='ocrx_word' id='word_1_5' title='bbox 232 419 308 479; x_wconf 85' lang='lat' dir='ltr'><strong>clam</strong></span> <span class='ocrx_word' id='word_1_6' title='bbox 333 430 363 479; x_wconf 89' lang='lat' dir='ltr'><strong>et</strong></span> <span class='ocrx_word' id='word_1_7' title='bbox 383 418 421 489; x_wconf 85' lang='lat' dir='ltr'><strong>ri,</strong></span> <span class='ocrx_word' id='word_1_8' title='bbox 436 420 526 480; x_wconf 86' lang='lat' dir='ltr'><strong>sacris</strong></span> <span class='ocrx_word' id='word_1_9' title='bbox 550 428 581 480; x_wconf 91' lang='lat' dir='ltr'><strong>et</strong></span> <span class='ocrx_word' id='word_1_10' title='bbox 604 418 755 497; x_wconf 81' lang='lat' dir='ltr'>republica</span> <span class='ocrx_word' id='word_1_11' title='bbox 771 426 868 477; x_wconf 82' lang='lat' dir='ltr'><strong>restra</strong></span> <span class='ocrx_word' id='word_1_12' title='bbox 890 425 960 477; x_wconf 88' lang='lat' dir='ltr'><strong>sunt</strong></span> <span class='ocrx_word' id='word_1_13' title='bbox 980 417 1036 487; x_wconf 90' lang='lat' dir='ltr'><strong>usi,</strong></span> <span class='ocrx_word' id='word_1_14' title='bbox 1056 415 1111 476; x_wconf 90' lang='lat' dir='ltr'><strong>sed</strong></span> <span class='ocrx_word' id='word_1_15' title='bbox 1131 415 1207 477; x_wconf 82' lang='lat' dir='ltr'><strong>cule-</strong></span> 
     </span>
     <span class='ocr_line' id='line_1_3' title="bbox 117 508 1208 590; baseline 0.001 -22"><span class='ocrx_word' id='word_1_16' title='bbox 117 510 228 570; x_wconf 91' lang='lat' dir='ltr'><strong>mitosis</strong></span> <span class='ocrx_word' id='word_1_17' title='bbox 242 510 416 582; x_wconf 89' lang='lat' dir='ltr'><strong>hominibus,</strong></span> <span class='ocrx_word' id='word_1_18' title='bbox 424 530 513 590; x_wconf 90' lang='lat' dir='ltr'><strong>seque</strong></span> <span class='ocrx_word' id='word_1_19' title='bbox 526 512 604 572; x_wconf 86' lang='lat' dir='ltr'><strong>cives</strong></span> <span class='ocrx_word' id='word_1_20' title='bbox 617 530 683 571; x_wconf 89' lang='lat' dir='ltr'><strong>esse</strong></span> <span class='ocrx_word' id='word_1_21' title='bbox 696 509 919 569; x_wconf 79' lang='lat' dir='ltr'><strong>ostendentibus</strong></span> <span class='ocrx_word' id='word_1_22' title='bbox 932 528 1016 587; x_wconf 90' lang='lat' dir='ltr'><strong>opem</strong></span> <span class='ocrx_word' id='word_1_23' title='bbox 1028 508 1208 586; x_wconf 78' lang='lat' dir='ltr'><strong>salutemque</strong></span> 
     </span>
     <span class='ocr_line' id='line_1_4' title="bbox 115 601 1206 683; baseline -0.001 -21"><span class='ocrx_word' id='word_1_24' title='bbox 115 603 286 675; x_wconf 68' lang='lat' dir='ltr'><strong>ferendamr</strong></span> <span class='ocrx_word' id='word_1_25' title='bbox 305 614 336 664; x_wconf 90' lang='lat' dir='ltr'><strong>et</strong></span> <span class='ocrx_word' id='word_1_26' title='bbox 351 604 550 683; x_wconf 75' lang='lat' dir='ltr'><strong>cogitandum,</strong></span> <span class='ocrx_word' id='word_1_27' title='bbox 563 622 630 663; x_wconf 88' lang='lat' dir='ltr'><strong>cunr</strong></span> <span class='ocrx_word' id='word_1_28' title='bbox 654 602 815 663; x_wconf 73' lang='lat' dir='ltr'><strong>insontibus</strong></span> <span class='ocrx_word' id='word_1_29' title='bbox 835 602 919 662; x_wconf 89' lang='lat' dir='ltr'><strong>nobis</strong></span> <span class='ocrx_word' id='word_1_30' title='bbox 940 601 1099 661; x_wconf 78' lang='lat' dir='ltr'><strong>miserrime</strong></span> <span class='ocrx_word' id='word_1_31' title='bbox 1111 613 1206 662; x_wconf 87' lang='lat' dir='ltr'><strong>actum</strong></span> 
     </span>
     <span class='ocr_line' id='line_1_5' title="bbox 117 690 1206 774; baseline -0.001 -22"><span class='ocrx_word' id='word_1_32' title='bbox 117 696 161 767; x_wconf 89' lang='lat' dir='ltr'><strong>iri,</strong></span> <span class='ocrx_word' id='word_1_33' title='bbox 176 696 211 768; x_wconf 87' lang='lat' dir='ltr'><strong>si,</strong></span> <span class='ocrx_word' id='word_1_34' title='bbox 224 716 290 756; x_wconf 90' lang='lat' dir='ltr'><strong>cum</strong></span> <span class='ocrx_word' id='word_1_35' title='bbox 304 708 402 755; x_wconf 87' lang='lat' dir='ltr'><strong>vestra</strong></span> <span class='ocrx_word' id='word_1_36' title='bbox 412 696 588 774; x_wconf 89' lang='lat' dir='ltr'><strong>quibusdam</strong></span> <span class='ocrx_word' id='word_1_37' title='bbox 608 693 781 754; x_wconf 89' lang='lat' dir='ltr'><strong>auctoritate</strong></span> <span class='ocrx_word' id='word_1_38' title='bbox 800 713 894 773; x_wconf 83' lang='lat' dir='ltr'><strong>poenae</strong></span> <span class='ocrx_word' id='word_1_39' title='bbox 915 693 1018 752; x_wconf 90' lang='lat' dir='ltr'><strong>merito</strong></span> <span class='ocrx_word' id='word_1_40' title='bbox 1032 690 1206 771; x_wconf 85' lang='lat' dir='ltr'><strong>infligantur,</strong></span> 
     </span>
     <span class='ocr_line' id='line_1_6' title="bbox 115 782 1206 866; baseline -0.004 -19"><span class='ocrx_word' id='word_1_41' title='bbox 115 802 242 847; x_wconf 72' lang='lat' dir='ltr'><strong>unauna</strong></span> <span class='ocrx_word' id='word_1_42' title='bbox 254 788 328 847; x_wconf 90' lang='lat' dir='ltr'><strong>inter</strong></span> <span class='ocrx_word' id='word_1_43' title='bbox 338 807 389 848; x_wconf 89' lang='lat' dir='ltr'><strong>ees</strong></span> <span class='ocrx_word' id='word_1_44' title='bbox 401 807 581 859; x_wconf 79' lang='lat' dir='ltr'><strong>censeamur,</strong></span> <span class='ocrx_word' id='word_1_45' title='bbox 591 798 621 847; x_wconf 90' lang='lat' dir='ltr'><strong>et</strong></span> <span class='ocrx_word' id='word_1_46' title='bbox 633 796 749 866; x_wconf 87' lang='lat' dir='ltr'><strong>propter</strong></span> <span class='ocrx_word' id='word_1_47' title='bbox 758 785 894 844; x_wconf 86' lang='lat' dir='ltr'><strong>invidiam</strong></span> <span class='ocrx_word' id='word_1_48' title='bbox 910 784 1002 863; x_wconf 89' lang='lat' dir='ltr'><strong>ipsius</strong></span> <span class='ocrx_word' id='word_1_49' title='bbox 1016 784 1068 856; x_wconf 92' lang='lat' dir='ltr'><strong>rei,</strong></span> <span class='ocrx_word' id='word_1_50' title='bbox 1075 782 1206 862; x_wconf 88' lang='lat' dir='ltr'><strong>injuriam</strong></span> 
     </span>
     <span class='ocr_line' id='line_1_7' title="bbox 114 878 268 958; baseline 0 -20"><span class='ocrx_word' id='word_1_51' title='bbox 114 878 268 958; x_wconf 89' lang='lat' dir='ltr'><strong>patiamur.</strong></span> 
     </span>
    </p>

    <p class='ocr_par' dir='ltr' id='par_1_3' title="bbox 112 970 1208 1877">
     <span class='ocr_line' id='line_1_8' title="bbox 156 970 1206 1051; baseline -0.002 -20"><span class='ocrx_word' id='word_1_52' title='bbox 156 973 183 1031; x_wconf 82' lang='lat'><strong>3.</strong></span> <span class='ocrx_word' id='word_1_53' title='bbox 200 971 345 1051; x_wconf 77' lang='lat' dir='ltr'><strong>Equidem</strong></span> <span class='ocrx_word' id='word_1_54' title='bbox 359 976 508 1051; x_wconf 88' lang='lat' dir='ltr'><strong>putabam,</strong></span> <span class='ocrx_word' id='word_1_55' title='bbox 522 972 657 1045; x_wconf 81' lang='lat' dir='ltr'><strong>ludices,</strong></span> <span class='ocrx_word' id='word_1_56' title='bbox 670 972 773 1033; x_wconf 83' lang='lat' dir='ltr'><strong>decere</strong></span> <span class='ocrx_word' id='word_1_57' title='bbox 788 970 975 1043; x_wconf 83' lang='lat' dir='ltr'><strong>Eubulidam,</strong></span> <span class='ocrx_word' id='word_1_58' title='bbox 988 979 1018 1029; x_wconf 86' lang='lat' dir='ltr'><strong>et</strong></span> <span class='ocrx_word' id='word_1_59' title='bbox 1030 989 1133 1031; x_wconf 88' lang='lat' dir='ltr'><strong>omnes</strong></span> <span class='ocrx_word' id='word_1_60' title='bbox 1145 988 1206 1041; x_wconf 86' lang='lat' dir='ltr'><strong>eus,</strong></span> 
     </span>
     <span class='ocr_line' id='line_1_9' title="bbox 113 1061 1208 1145; baseline -0.003 -23"><span class='ocrx_word' id='word_1_61' title='bbox 113 1064 163 1142; x_wconf 92' lang='lat' dir='ltr'><strong>qui</strong></span> <span class='ocrx_word' id='word_1_62' title='bbox 177 1085 254 1125; x_wconf 92' lang='lat' dir='ltr'><strong>nunc</strong></span> <span class='ocrx_word' id='word_1_63' title='bbox 268 1066 299 1124; x_wconf 94' lang='lat' dir='ltr'><strong>in</strong></span> <span class='ocrx_word' id='word_1_64' title='bbox 313 1067 482 1145; x_wconf 80' lang='lat' dir='ltr'><strong>abrogando</strong></span> <span class='ocrx_word' id='word_1_65' title='bbox 492 1066 557 1145; x_wconf 89' lang='lat' dir='ltr'><strong>jure</strong></span> <span class='ocrx_word' id='word_1_66' title='bbox 575 1065 699 1125; x_wconf 85' lang='lat' dir='ltr'><strong>civitatis</strong></span> <span class='ocrx_word' id='word_1_67' title='bbox 713 1063 914 1124; x_wconf 75' lang='lat' dir='ltr'><strong>accusationes</strong></span> <span class='ocrx_word' id='word_1_68' title='bbox 932 1061 1077 1131; x_wconf 82' lang='lat' dir='ltr'><strong>factitant,</strong></span> <span class='ocrx_word' id='word_1_69' title='bbox 1093 1080 1130 1121; x_wconf 89' lang='lat' dir='ltr'><strong>ea</strong></span> <span class='ocrx_word' id='word_1_70' title='bbox 1142 1080 1208 1139; x_wconf 78' lang='lat' dir='ltr'><strong>qua</strong></span> 
     </span>
     <span class='ocr_line' id='line_1_10' title="bbox 114 1151 1207 1237; baseline -0.005 -20"><span class='ocrx_word' id='word_1_71' title='bbox 114 1167 263 1236; x_wconf 86' lang='lat' dir='ltr'><strong>comperte</strong></span> <span class='ocrx_word' id='word_1_72' title='bbox 277 1157 417 1218; x_wconf 89' lang='lat' dir='ltr'><strong>haberent</strong></span> <span class='ocrx_word' id='word_1_73' title='bbox 433 1158 541 1229; x_wconf 85' lang='lat' dir='ltr'><strong>dicere,</strong></span> <span class='ocrx_word' id='word_1_74' title='bbox 556 1178 654 1237; x_wconf 89' lang='lat' dir='ltr'><strong>neque</strong></span> <span class='ocrx_word' id='word_1_75' title='bbox 674 1157 766 1215; x_wconf 90' lang='lat' dir='ltr'><strong>ullum</strong></span> <span class='ocrx_word' id='word_1_76' title='bbox 785 1174 929 1214; x_wconf 91' lang='lat' dir='ltr'><strong>rumorem</strong></span> <span class='ocrx_word' id='word_1_77' title='bbox 942 1154 972 1213; x_wconf 90' lang='lat' dir='ltr'><strong>in</strong></span> <span class='ocrx_word' id='word_1_78' title='bbox 992 1153 1052 1213; x_wconf 91' lang='lat' dir='ltr'><strong>tale</strong></span> <span class='ocrx_word' id='word_1_79' title='bbox 1064 1151 1207 1232; x_wconf 85' lang='lat' dir='ltr'><strong>judicium</strong></span> 
     </span>
     <span class='ocr_line' id='line_1_11' title="bbox 112 1245 1207 1329; baseline -0.005 -21"><span class='ocrx_word' id='word_1_80' title='bbox 112 1248 224 1309; x_wconf 82' lang='lat' dir='ltr'><strong>efferre.</strong></span> <span class='ocrx_word' id='word_1_81' title='bbox 253 1250 290 1309; x_wconf 97' lang='lat' dir='ltr'><strong>Id</strong></span> <span class='ocrx_word' id='word_1_82' title='bbox 305 1251 486 1329; x_wconf 79' lang='lat' dir='ltr'><strong>animusque</strong></span> <span class='ocrx_word' id='word_1_83' title='bbox 500 1250 574 1311; x_wconf 89' lang='lat' dir='ltr'><strong>adeo</strong></span> <span class='ocrx_word' id='word_1_84' title='bbox 588 1249 728 1329; x_wconf 87' lang='lat' dir='ltr'><strong>injustum</strong></span> <span class='ocrx_word' id='word_1_85' title='bbox 743 1267 807 1307; x_wconf 86' lang='lat' dir='ltr'><strong>esse</strong></span> <span class='ocrx_word' id='word_1_86' title='bbox 819 1247 887 1306; x_wconf 91' lang='lat' dir='ltr'><strong>elim</strong></span> <span class='ocrx_word' id='word_1_87' title='bbox 901 1246 987 1306; x_wconf 88' lang='lat' dir='ltr'><strong>etiam</strong></span> <span class='ocrx_word' id='word_1_88' title='bbox 1001 1245 1085 1323; x_wconf 81' lang='lat' dir='ltr'><strong>leges</strong></span> <span class='ocrx_word' id='word_1_89' title='bbox 1099 1252 1207 1303; x_wconf 71' lang='lat' dir='ltr'><strong>statue:</strong></span> 
     </span>
     <span class='ocr_line' id='line_1_12' title="bbox 113 1334 1204 1421; baseline -0.006 -20"><span class='ocrx_word' id='word_1_90' title='bbox 113 1352 191 1411; x_wconf 89' lang='lat' dir='ltr'><strong>runt,</strong></span> <span class='ocrx_word' id='word_1_91' title='bbox 210 1353 243 1401; x_wconf 93' lang='lat' dir='ltr'><strong>ut</strong></span> <span class='ocrx_word' id='word_1_92' title='bbox 257 1343 357 1402; x_wconf 90' lang='lat' dir='ltr'><strong>audita</strong></span> <span class='ocrx_word' id='word_1_93' title='bbox 370 1341 515 1403; x_wconf 84' lang='lat' dir='ltr'><strong>testificari</strong></span> <span class='ocrx_word' id='word_1_94' title='bbox 529 1343 609 1421; x_wconf 88' lang='lat' dir='ltr'><strong>leges</strong></span> <span class='ocrx_word' id='word_1_95' title='bbox 624 1340 725 1402; x_wconf 85' lang='lat' dir='ltr'><strong>sinant</strong></span> <span class='ocrx_word' id='word_1_96' title='bbox 737 1360 774 1400; x_wconf 87' lang='lat' dir='ltr'><strong>ne</strong></span> <span class='ocrx_word' id='word_1_97' title='bbox 789 1339 818 1398; x_wconf 93' lang='lat' dir='ltr'><strong>in</strong></span> <span class='ocrx_word' id='word_1_98' title='bbox 835 1338 948 1398; x_wconf 89' lang='lat' dir='ltr'><strong>levibus</strong></span> <span class='ocrx_word' id='word_1_99' title='bbox 961 1336 1078 1415; x_wconf 87' lang='lat' dir='ltr'><strong>quidem</strong></span> <span class='ocrx_word' id='word_1_100' title='bbox 1100 1334 1204 1395; x_wconf 84' lang='lat' dir='ltr'><strong>causis.</strong></span> 
     </span>
     <span class='ocr_line' id='line_1_13' title="bbox 114 1430 1205 1515; baseline -0.002 -24"><span class='ocrx_word' id='word_1_101' title='bbox 114 1433 231 1493; x_wconf 87' lang='lat' dir='ltr'><strong>Merito.</strong></span> <span class='ocrx_word' id='word_1_102' title='bbox 283 1433 359 1493; x_wconf 81' lang='lat' dir='ltr'><strong>Cum</strong></span> <span class='ocrx_word' id='word_1_103' title='bbox 383 1434 459 1493; x_wconf 91' lang='lat' dir='ltr'><strong>enim</strong></span> <span class='ocrx_word' id='word_1_104' title='bbox 482 1433 570 1515; x_wconf 84' lang='lat' dir='ltr'><strong>aliqui</strong></span> <span class='ocrx_word' id='word_1_105' title='bbox 587 1434 721 1513; x_wconf 88' lang='lat' dir='ltr'><strong>jam,qui</strong></span> <span class='ocrx_word' id='word_1_106' title='bbox 743 1452 776 1491; x_wconf 91' lang='lat' dir='ltr'><strong>se</strong></span> <span class='ocrx_word' id='word_1_107' title='bbox 798 1451 856 1491; x_wconf 89' lang='lat' dir='ltr'><strong>rem</strong></span> <span class='ocrx_word' id='word_1_108' title='bbox 884 1431 993 1490; x_wconf 87' lang='lat' dir='ltr'><strong>vidisse</strong></span> <span class='ocrx_word' id='word_1_109' title='bbox 1020 1430 1205 1499; x_wconf 88' lang='lat' dir='ltr'><strong>affirmarent,</strong></span> 
     </span>
     <span class='ocr_line' id='line_1_14' title="bbox 112 1518 1207 1605; baseline -0.005 -20"><span class='ocrx_word' id='word_1_110' title='bbox 112 1527 268 1587; x_wconf 87' lang='lat' dir='ltr'><strong>mendaces</strong></span> <span class='ocrx_word' id='word_1_111' title='bbox 291 1528 350 1587; x_wconf 90' lang='lat' dir='ltr'><strong>sint</strong></span> <span class='ocrx_word' id='word_1_112' title='bbox 364 1526 549 1605; x_wconf 85' lang='lat' dir='ltr'><strong>deprehensi,</strong></span> <span class='ocrx_word' id='word_1_113' title='bbox 564 1546 632 1595; x_wconf 84' lang='lat' dir='ltr'><strong>num</strong></span> <span class='ocrx_word' id='word_1_114' title='bbox 653 1525 693 1584; x_wconf 93' lang='lat' dir='ltr'><strong>illi</strong></span> <span class='ocrx_word' id='word_1_115' title='bbox 713 1523 847 1583; x_wconf 90' lang='lat' dir='ltr'><strong>habenda</strong></span> <span class='ocrx_word' id='word_1_116' title='bbox 866 1522 937 1583; x_wconf 86' lang='lat' dir='ltr'><strong>fides</strong></span> <span class='ocrx_word' id='word_1_117' title='bbox 955 1532 1011 1591; x_wconf 91' lang='lat' dir='ltr'><strong>est,</strong></span> <span class='ocrx_word' id='word_1_118' title='bbox 1025 1520 1076 1598; x_wconf 91' lang='lat' dir='ltr'><strong>qui</strong></span> <span class='ocrx_word' id='word_1_119' title='bbox 1089 1540 1127 1581; x_wconf 85' lang='lat' dir='ltr'><strong>ea</strong></span> <span class='ocrx_word' id='word_1_120' title='bbox 1139 1518 1207 1579; x_wconf 90' lang='lat' dir='ltr'><strong>dicit</strong></span> 
     </span>
     <span class='ocr_line' id='line_1_15' title="bbox 113 1611 1203 1697; baseline -0.006 -20"><span class='ocrx_word' id='word_1_121' title='bbox 113 1638 180 1697; x_wconf 76' lang='lat' dir='ltr'><strong>quse</strong></span> <span class='ocrx_word' id='word_1_122' title='bbox 189 1637 245 1678; x_wconf 94' lang='lat' dir='ltr'><strong>nec</strong></span> <span class='ocrx_word' id='word_1_123' title='bbox 254 1618 316 1696; x_wconf 88' lang='lat' dir='ltr'><strong>ipse</strong></span> <span class='ocrx_word' id='word_1_124' title='bbox 330 1617 427 1677; x_wconf 76' lang='lat' dir='ltr'><strong>noviti</strong></span> <span class='ocrx_word' id='word_1_125' title='bbox 447 1617 612 1689; x_wconf 87' lang='lat' dir='ltr'><strong>Enimvero,</strong></span> <span class='ocrx_word' id='word_1_126' title='bbox 623 1636 690 1674; x_wconf 91' lang='lat' dir='ltr'><strong>cum</strong></span> <span class='ocrx_word' id='word_1_127' title='bbox 700 1614 808 1675; x_wconf 90' lang='lat' dir='ltr'><strong>nemini</strong></span> <span class='ocrx_word' id='word_1_128' title='bbox 817 1614 913 1684; x_wconf 88' lang='lat' dir='ltr'><strong>liceat,</strong></span> <span class='ocrx_word' id='word_1_129' title='bbox 924 1612 1038 1673; x_wconf 87' lang='lat' dir='ltr'><strong>etiamsi</strong></span> <span class='ocrx_word' id='word_1_130' title='bbox 1048 1611 1203 1671; x_wconf 83' lang='lat' dir='ltr'><strong>obnoxium</strong></span> 
     </span>
     <span class='ocr_line' id='line_1_16' title="bbox 112 1704 1203 1788; baseline -0.004 -19"><span class='ocrx_word' id='word_1_131' title='bbox 112 1729 174 1769; x_wconf 87' lang='lat' dir='ltr'><strong>sese</strong></span> <span class='ocrx_word' id='word_1_132' title='bbox 189 1709 380 1780; x_wconf 90' lang='lat' dir='ltr'><strong>constituerit,</strong></span> <span class='ocrx_word' id='word_1_133' title='bbox 393 1730 446 1788; x_wconf 89' lang='lat' dir='ltr'><strong>per</strong></span> <span class='ocrx_word' id='word_1_134' title='bbox 459 1729 494 1769; x_wconf 91' lang='lat' dir='ltr'><strong>ea</strong></span> <span class='ocrx_word' id='word_1_135' title='bbox 508 1728 613 1767; x_wconf 90' lang='lat' dir='ltr'><strong>nocere</strong></span> <span class='ocrx_word' id='word_1_136' title='bbox 625 1709 770 1786; x_wconf 89' lang='lat' dir='ltr'><strong>cuiquam,</strong></span> <span class='ocrx_word' id='word_1_137' title='bbox 784 1727 851 1785; x_wconf 83' lang='lat' dir='ltr'><strong>quoe</strong></span> <span class='ocrx_word' id='word_1_138' title='bbox 872 1728 903 1766; x_wconf 91' lang='lat' dir='ltr'><strong>se</strong></span> <span class='ocrx_word' id='word_1_139' title='bbox 923 1706 1039 1765; x_wconf 85' lang='lat' dir='ltr'><strong>audisse</strong></span> <span class='ocrx_word' id='word_1_140' title='bbox 1057 1706 1142 1775; x_wconf 89' lang='lat' dir='ltr'><strong>dicit,</strong></span> <span class='ocrx_word' id='word_1_141' title='bbox 1157 1704 1203 1785; x_wconf 86' lang='lat' dir='ltr'><strong>qai</strong></span> 
     </span>
     <span class='ocr_line' id='line_1_17' title="bbox 112 1794 1203 1877; baseline -0.005 -18"><span class='ocrx_word' id='word_1_142' title='bbox 112 1801 258 1873; x_wconf 88' lang='lat' dir='ltr'><strong>convenit,</strong></span> <span class='ocrx_word' id='word_1_143' title='bbox 270 1801 295 1859; x_wconf 88' lang='lat' dir='ltr'><strong>ei</strong></span> <span class='ocrx_word' id='word_1_144' title='bbox 310 1821 361 1859; x_wconf 88' lang='lat' dir='ltr'><strong>ros</strong></span> <span class='ocrx_word' id='word_1_145' title='bbox 374 1800 481 1860; x_wconf 88' lang='lat' dir='ltr'><strong>habere</strong></span> <span class='ocrx_word' id='word_1_146' title='bbox 490 1800 588 1872; x_wconf 89' lang='lat' dir='ltr'><strong>fidem,</strong></span> <span class='ocrx_word' id='word_1_147' title='bbox 597 1801 646 1877; x_wconf 91' lang='lat' dir='ltr'><strong>qui</strong></span> <span class='ocrx_word' id='word_1_148' title='bbox 655 1800 736 1858; x_wconf 91' lang='lat' dir='ltr'><strong>nulle</strong></span> <span class='ocrx_word' id='word_1_149' title='bbox 747 1819 801 1859; x_wconf 90' lang='lat' dir='ltr'><strong>suo</strong></span> <span class='ocrx_word' id='word_1_150' title='bbox 813 1798 942 1877; x_wconf 92' lang='lat' dir='ltr'><strong>periculo</strong></span> <span class='ocrx_word' id='word_1_151' title='bbox 954 1817 1008 1857; x_wconf 89' lang='lat' dir='ltr'><strong>nos</strong></span> <span class='ocrx_word' id='word_1_152' title='bbox 1018 1794 1203 1857; x_wconf 67' lang='lat' dir='ltr'><strong>criminatur?</strong></span> 
     </span>
    </p>

    <p class='ocr_par' dir='ltr' id='par_1_4' title="bbox 105 1889 1202 2795">
     <span class='ocr_line' id='line_1_18' title="bbox 152 1889 1201 1972; baseline -0.002 -21"><span class='ocrx_word' id='word_1_153' title='bbox 152 1896 182 1951; x_wconf 89' lang='grc'><strong>4.</strong></span> <span class='ocrx_word' id='word_1_154' title='bbox 198 1891 358 1972; x_wconf 89' lang='lat' dir='ltr'><strong>Postquam</strong></span> <span class='ocrx_word' id='word_1_155' title='bbox 372 1892 460 1971; x_wconf 86' lang='lat' dir='ltr'><strong>igitur</strong></span> <span class='ocrx_word' id='word_1_156' title='bbox 470 1892 524 1951; x_wconf 86' lang='lat' dir='ltr'><strong>iste</strong></span> <span class='ocrx_word' id='word_1_157' title='bbox 539 1892 636 1971; x_wconf 88' lang='lat' dir='ltr'><strong>legum</strong></span> <span class='ocrx_word' id='word_1_158' title='bbox 652 1911 772 1971; x_wconf 88' lang='lat' dir='ltr'><strong>guarus,</strong></span> <span class='ocrx_word' id='word_1_159' title='bbox 786 1891 873 1971; x_wconf 90' lang='lat' dir='ltr'><strong>idque</strong></span> <span class='ocrx_word' id='word_1_160' title='bbox 888 1889 982 1967; x_wconf 86' lang='lat' dir='ltr'><strong>magis</strong></span> <span class='ocrx_word' id='word_1_161' title='bbox 996 1909 1086 1968; x_wconf 89' lang='lat' dir='ltr'><strong>quam</strong></span> <span class='ocrx_word' id='word_1_162' title='bbox 1098 1908 1201 1951; x_wconf 84' lang='lat' dir='ltr'><strong>conse·</strong></span> 
     </span>
     <span class='ocr_line' id='line_1_19' title="bbox 112 1974 1202 2064; baseline 0.002 -23"><span class='ocrx_word' id='word_1_163' title='bbox 112 1984 220 2054; x_wconf 88' lang='lat' dir='ltr'><strong>niebat,</strong></span> <span class='ocrx_word' id='word_1_164' title='bbox 232 1984 350 2064; x_wconf 89' lang='lat' dir='ltr'><strong>injuste,</strong></span> <span class='ocrx_word' id='word_1_165' title='bbox 365 1984 522 2062; x_wconf 91' lang='lat' dir='ltr'><strong>multisque</strong></span> <span class='ocrx_word' id='word_1_166' title='bbox 531 1974 620 2044; x_wconf 85' lang='lat' dir='ltr'><strong>¹rebus</strong></span> <span class='ocrx_word' id='word_1_167' title='bbox 635 1985 765 2064; x_wconf 84' lang='lat' dir='ltr'><strong>superior</strong></span> <span class='ocrx_word' id='word_1_168' title='bbox 777 1984 937 2047; x_wconf 86' lang='lat' dir='ltr'><strong>accusavit,</strong></span> <span class='ocrx_word' id='word_1_169' title='bbox 946 2002 1067 2042; x_wconf 88' lang='lat' dir='ltr'><strong>necesse</strong></span> <span class='ocrx_word' id='word_1_170' title='bbox 1083 1983 1152 2042; x_wconf 92' lang='lat' dir='ltr'><strong>mihi</strong></span> <span class='ocrx_word' id='word_1_171' title='bbox 1161 1992 1202 2043; x_wconf 87' lang='lat' dir='ltr'><strong>est</strong></span> 
     </span>
     <span class='ocr_line' id='line_1_20' title="bbox 112 2076 1202 2159; baseline 0 -24"><span class='ocrx_word' id='word_1_172' title='bbox 112 2077 150 2137; x_wconf 90' lang='lat' dir='ltr'><strong>de</strong></span> <span class='ocrx_word' id='word_1_173' title='bbox 163 2076 199 2136; x_wconf 92' lang='lat' dir='ltr'><strong>iis</strong></span> <span class='ocrx_word' id='word_1_174' title='bbox 213 2078 336 2157; x_wconf 91' lang='lat' dir='ltr'><strong>primum</strong></span> <span class='ocrx_word' id='word_1_175' title='bbox 350 2077 446 2137; x_wconf 89' lang='lat' dir='ltr'><strong>dicere</strong></span> <span class='ocrx_word' id='word_1_176' title='bbox 459 2076 570 2159; x_wconf 87' lang='lat' dir='ltr'><strong>injuriis</strong></span> <span class='ocrx_word' id='word_1_177' title='bbox 584 2087 616 2137; x_wconf 89' lang='lat' dir='ltr'><strong>et</strong></span> <span class='ocrx_word' id='word_1_178' title='bbox 629 2077 820 2147; x_wconf 88' lang='lat' dir='ltr'><strong>contumeliis,</strong></span> <span class='ocrx_word' id='word_1_179' title='bbox 833 2077 939 2159; x_wconf 87' lang='lat' dir='ltr'><strong>quibus</strong></span> <span class='ocrx_word' id='word_1_180' title='bbox 953 2077 1033 2155; x_wconf 91' lang='lat' dir='ltr'><strong>apud</strong></span> <span class='ocrx_word' id='word_1_181' title='bbox 1047 2077 1202 2157; x_wconf 84' lang='lat' dir='ltr'><strong>municipes</strong></span> 
     </span>
     <span class='ocr_line' id='line_1_21' title="bbox 105 2169 1201 2242; baseline 0.001 -12"><span class='ocrx_word' id='word_1_182' title='bbox 105 2190 177 2230; x_wconf 83' lang='lat' dir='ltr'><strong>sum</strong></span> <span class='ocrx_word' id='word_1_183' title='bbox 200 2169 334 2231; x_wconf 85' lang='lat' dir='ltr'><strong>affectus.</strong></span> <span class='ocrx_word' id='word_1_184' title='bbox 376 2170 449 2231; x_wconf 90' lang='lat' dir='ltr'><strong>Peto</strong></span> <span class='ocrx_word' id='word_1_185' title='bbox 469 2182 565 2231; x_wconf 89' lang='lat' dir='ltr'><strong>autem</strong></span> <span class='ocrx_word' id='word_1_186' title='bbox 586 2171 710 2242; x_wconf 82' lang='lat' dir='ltr'><strong>arabis,</strong></span> <span class='ocrx_word' id='word_1_187' title='bbox 727 2171 932 2241; x_wconf 85' lang='lat' dir='ltr'><strong>Athenienses,</strong></span> <span class='ocrx_word' id='word_1_188' title='bbox 946 2190 984 2230; x_wconf 89' lang='lat' dir='ltr'><strong>ne</strong></span> <span class='ocrx_word' id='word_1_189' title='bbox 1002 2170 1119 2230; x_wconf 91' lang='lat' dir='ltr'><strong>illorum</strong></span> <span class='ocrx_word' id='word_1_190' title='bbox 1140 2192 1201 2231; x_wconf 90' lang='lat' dir='ltr'><strong>seu·</strong></span> 
     </span>
     <span class='ocr_line' id='line_1_22' title="bbox 112 2262 1201 2343; baseline 0.001 -22"><span class='ocrx_word' id='word_1_191' title='bbox 112 2262 233 2322; x_wconf 90' lang='lat' dir='ltr'><strong>tentiam</strong></span> <span class='ocrx_word' id='word_1_192' title='bbox 256 2283 309 2342; x_wconf 89' lang='lat' dir='ltr'><strong>pro</strong></span> <span class='ocrx_word' id='word_1_193' title='bbox 324 2275 495 2343; x_wconf 86' lang='lat' dir='ltr'><strong>argumento</strong></span> <span class='ocrx_word' id='word_1_194' title='bbox 508 2264 628 2343; x_wconf 89' lang='lat' dir='ltr'><strong>putetis,</strong></span> <span class='ocrx_word' id='word_1_195' title='bbox 642 2283 689 2323; x_wconf 91' lang='lat' dir='ltr'><strong>me</strong></span> <span class='ocrx_word' id='word_1_196' title='bbox 702 2265 738 2323; x_wconf 91' lang='lat' dir='ltr'><strong>ab</strong></span> <span class='ocrx_word' id='word_1_197' title='bbox 753 2264 809 2323; x_wconf 88' lang='lat' dir='ltr'><strong>hac</strong></span> <span class='ocrx_word' id='word_1_198' title='bbox 824 2264 974 2343; x_wconf 85' lang='lat' dir='ltr'><strong>republica</strong></span> <span class='ocrx_word' id='word_1_199' title='bbox 988 2282 1055 2323; x_wconf 88' lang='lat' dir='ltr'><strong>esse</strong></span> <span class='ocrx_word' id='word_1_200' title='bbox 1069 2262 1201 2323; x_wconf 87' lang='lat' dir='ltr'><strong>alienum.</strong></span> 
     </span>
     <span class='ocr_line' id='line_1_23' title="bbox 113 2356 1202 2436; baseline 0.002 -21"><span class='ocrx_word' id='word_1_201' title='bbox 113 2356 191 2415; x_wconf 89' lang='lat' dir='ltr'><strong>Nam</strong></span> <span class='ocrx_word' id='word_1_202' title='bbox 205 2356 229 2415; x_wconf 91' lang='lat' dir='ltr'><strong>si</strong></span> <span class='ocrx_word' id='word_1_203' title='bbox 250 2358 410 2436; x_wconf 88' lang='lat' dir='ltr'><strong>municipes</strong></span> <span class='ocrx_word' id='word_1_204' title='bbox 429 2377 544 2417; x_wconf 91' lang='lat' dir='ltr'><strong>omnem</strong></span> <span class='ocrx_word' id='word_1_205' title='bbox 562 2358 729 2435; x_wconf 71' lang='lat' dir='ltr'><strong>aequitatem</strong></span> <span class='ocrx_word' id='word_1_206' title='bbox 748 2357 908 2436; x_wconf 87' lang='lat' dir='ltr'><strong>perspicere</strong></span> <span class='ocrx_word' id='word_1_207' title='bbox 929 2376 1015 2435; x_wconf 88' lang='lat' dir='ltr'><strong>posse</strong></span> <span class='ocrx_word' id='word_1_208' title='bbox 1036 2356 1202 2435; x_wconf 77' lang='lat' dir='ltr'><strong>putassetis,</strong></span> 
     </span>
     <span class='ocr_line' id='line_1_24' title="bbox 111 2441 1202 2525; baseline 0.005 -20"><span class='ocrx_word' id='word_1_209' title='bbox 111 2447 334 2525; x_wconf 89' lang='lat' dir='ltr'><strong>appellationem</strong></span> <span class='ocrx_word' id='word_1_210' title='bbox 349 2448 436 2507; x_wconf 88' lang='lat' dir='ltr'><strong>vestri</strong></span> <span class='ocrx_word' id='word_1_211' title='bbox 449 2468 508 2507; x_wconf 91' lang='lat' dir='ltr'><strong>non</strong></span> <span class='ocrx_word' id='word_1_212' title='bbox 521 2441 694 2508; x_wconf 84' lang='lat' dir='ltr'><strong>dedissetis:</strong></span> <span class='ocrx_word' id='word_1_213' title='bbox 716 2469 795 2508; x_wconf 90' lang='lat' dir='ltr'><strong>nunc</strong></span> <span class='ocrx_word' id='word_1_214' title='bbox 807 2470 843 2509; x_wconf 91' lang='lat' dir='ltr'><strong>ex</strong></span> <span class='ocrx_word' id='word_1_215' title='bbox 852 2449 1048 2521; x_wconf 78' lang='lat' dir='ltr'><strong>aemulatione,</strong></span> <span class='ocrx_word' id='word_1_216' title='bbox 1059 2471 1098 2509; x_wconf 87' lang='lat' dir='ltr'><strong>ex</strong></span> <span class='ocrx_word' id='word_1_217' title='bbox 1114 2450 1202 2511; x_wconf 90' lang='lat' dir='ltr'><strong>inimi·</strong></span> 
     </span>
     <span class='ocr_line' id='line_1_25' title="bbox 111 2540 1202 2619; baseline 0.005 -21"><span class='ocrx_word' id='word_1_218' title='bbox 111 2541 195 2608; x_wconf 88' lang='lat' dir='ltr'><strong>citiis,</strong></span> <span class='ocrx_word' id='word_1_219' title='bbox 210 2541 273 2599; x_wconf 88' lang='lat' dir='ltr'><strong>aliis</strong></span> <span class='ocrx_word' id='word_1_220' title='bbox 285 2540 353 2599; x_wconf 86' lang='lat' dir='ltr'><strong>item</strong></span> <span class='ocrx_word' id='word_1_221' title='bbox 367 2542 403 2599; x_wconf 92' lang='lat' dir='ltr'><strong>de</strong></span> <span class='ocrx_word' id='word_1_222' title='bbox 415 2541 520 2611; x_wconf 91' lang='lat' dir='ltr'><strong>causis,</strong></span> <span class='ocrx_word' id='word_1_223' title='bbox 535 2542 593 2600; x_wconf 87' lang='lat' dir='ltr'><strong>tale</strong></span> <span class='ocrx_word' id='word_1_224' title='bbox 606 2541 676 2619; x_wconf 90' lang='lat' dir='ltr'><strong>quid</strong></span> <span class='ocrx_word' id='word_1_225' title='bbox 690 2552 861 2600; x_wconf 88' lang='lat' dir='ltr'><strong>eventurum</strong></span> <span class='ocrx_word' id='word_1_226' title='bbox 877 2542 1076 2602; x_wconf 83' lang='lat' dir='ltr'><strong>existimantes</strong></span> <span class='ocrx_word' id='word_1_227' title='bbox 1095 2542 1202 2603; x_wconf 83' lang='lat' dir='ltr'><strong>allectis</strong></span> 
     </span>
     <span class='ocr_line' id='line_1_26' title="bbox 111 2631 1201 2711; baseline 0.006 -24"><span class='ocrx_word' id='word_1_228' title='bbox 111 2631 215 2708; x_wconf 89' lang='lat' dir='ltr'><strong>injuria</strong></span> <span class='ocrx_word' id='word_1_229' title='bbox 234 2643 360 2690; x_wconf 90' lang='lat' dir='ltr'><strong>vestrum</strong></span> <span class='ocrx_word' id='word_1_230' title='bbox 380 2633 459 2690; x_wconf 87' lang='lat' dir='ltr'><strong>velut</strong></span> <span class='ocrx_word' id='word_1_231' title='bbox 478 2634 590 2711; x_wconf 85' lang='lat' dir='ltr'><strong>asylum</strong></span> <span class='ocrx_word' id='word_1_232' title='bbox 611 2633 772 2710; x_wconf 90' lang='lat' dir='ltr'><strong>aperuistis.</strong></span> <span class='ocrx_word' id='word_1_233' title='bbox 815 2635 882 2702; x_wconf 85' lang='lat' dir='ltr'><strong>Quo</strong></span> <span class='ocrx_word' id='word_1_234' title='bbox 903 2634 1041 2693; x_wconf 82' lang='lat' dir='ltr'><strong>laudabili</strong></span> <span class='ocrx_word' id='word_1_235' title='bbox 1063 2635 1201 2705; x_wconf 88' lang='lat' dir='ltr'><strong>instituto,</strong></span> 
     </span>
     <span class='ocr_line' id='line_1_27' title="bbox 112 2721 982 2795; baseline 0.007 -16"><span class='ocrx_word' id='word_1_236' title='bbox 112 2721 314 2795; x_wconf 88' lang='lat' dir='ltr'><strong>Athenienses,</strong></span> <span class='ocrx_word' id='word_1_237' title='bbox 328 2723 460 2788; x_wconf 89' lang='lat' dir='ltr'><strong>homines</strong></span> <span class='ocrx_word' id='word_1_238' title='bbox 474 2724 643 2783; x_wconf 88' lang='lat' dir='ltr'><strong>innocentes</strong></span> <span class='ocrx_word' id='word_1_239' title='bbox 661 2744 761 2783; x_wconf 90' lang='lat' dir='ltr'><strong>omnes</strong></span> <span class='ocrx_word' id='word_1_240' title='bbox 776 2727 982 2786; x_wconf 87' lang='lat' dir='ltr'><strong>conservastis.</strong></span> 
     </span>
    </p>

    <p class='ocr_par' dir='ltr' id='par_1_5' title="bbox 107 2812 1205 4470">
     <span class='ocr_line' id='line_1_28' title="bbox 153 2812 1204 2899; baseline 0.01 -29"><span class='ocrx_word' id='word_1_241' title='bbox 153 2817 182 2873; x_wconf 83' lang='lat'><strong>5.</strong></span> <span class='ocrx_word' id='word_1_242' title='bbox 198 2812 327 2872; x_wconf 86' lang='lat' dir='ltr'><strong>Primum</strong></span> <span class='ocrx_word' id='word_1_243' title='bbox 343 2815 430 2893; x_wconf 89' lang='lat' dir='ltr'><strong>igitur</strong></span> <span class='ocrx_word' id='word_1_244' title='bbox 445 2815 525 2874; x_wconf 87' lang='lat' dir='ltr'><strong>vobis</strong></span> <span class='ocrx_word' id='word_1_245' title='bbox 541 2836 693 2894; x_wconf 88' lang='lat' dir='ltr'><strong>exponam,</strong></span> <span class='ocrx_word' id='word_1_246' title='bbox 708 2837 767 2893; x_wconf 91' lang='lat' dir='ltr'><strong>quo</strong></span> <span class='ocrx_word' id='word_1_247' title='bbox 781 2828 868 2896; x_wconf 89' lang='lat' dir='ltr'><strong>pacto</strong></span> <span class='ocrx_word' id='word_1_248' title='bbox 880 2820 959 2898; x_wconf 90' lang='lat' dir='ltr'><strong>apud</strong></span> <span class='ocrx_word' id='word_1_249' title='bbox 970 2820 1129 2899; x_wconf 90' lang='lat' dir='ltr'><strong>populares</strong></span> <span class='ocrx_word' id='word_1_250' title='bbox 1140 2840 1204 2881; x_wconf 90' lang='lat' dir='ltr'><strong>sen·</strong></span> 
     </span>
     <span class='ocr_line' id='line_1_29' title="bbox 111 2906 1203 2991; baseline 0.005 -26"><span class='ocrx_word' id='word_1_251' title='bbox 111 2906 202 2966; x_wconf 89' lang='lat' dir='ltr'><strong>tentia</strong></span> <span class='ocrx_word' id='word_1_252' title='bbox 216 2906 274 2965; x_wconf 92' lang='lat' dir='ltr'><strong>lata</strong></span> <span class='ocrx_word' id='word_1_253' title='bbox 289 2907 336 2965; x_wconf 89' lang='lat' dir='ltr'><strong>sit.</strong></span> <span class='ocrx_word' id='word_1_254' title='bbox 380 2907 457 2967; x_wconf 89' lang='lat' dir='ltr'><strong>Nam</strong></span> <span class='ocrx_word' id='word_1_255' title='bbox 472 2929 537 2987; x_wconf 85' lang='lat' dir='ltr'><strong>quae</strong></span> <span class='ocrx_word' id='word_1_256' title='bbox 552 2910 589 2967; x_wconf 92' lang='lat' dir='ltr'><strong>ad</strong></span> <span class='ocrx_word' id='word_1_257' title='bbox 601 2929 660 2967; x_wconf 89' lang='lat' dir='ltr'><strong>rem</strong></span> <span class='ocrx_word' id='word_1_258' title='bbox 672 2910 780 2968; x_wconf 86' lang='lat' dir='ltr'><strong>saciant</strong></span> <span class='ocrx_word' id='word_1_259' title='bbox 793 2911 892 2969; x_wconf 91' lang='lat' dir='ltr'><strong>omnia</strong></span> <span class='ocrx_word' id='word_1_260' title='bbox 906 2911 1013 2983; x_wconf 88' lang='lat' dir='ltr'><strong>dicere,</strong></span> <span class='ocrx_word' id='word_1_261' title='bbox 1029 2912 1058 2971; x_wconf 93' lang='lat' dir='ltr'><strong>id</strong></span> <span class='ocrx_word' id='word_1_262' title='bbox 1074 2933 1130 2991; x_wconf 84' lang='lat' dir='ltr'><strong>ego</strong></span> <span class='ocrx_word' id='word_1_263' title='bbox 1143 2932 1203 2972; x_wconf 79' lang='lat' dir='ltr'><strong>esse</strong></span> 
     </span>
     <span class='ocr_line' id='line_1_30' title="bbox 111 2999 1203 3081; baseline 0.005 -23"><span class='ocrx_word' id='word_1_264' title='bbox 111 3009 192 3078; x_wconf 88' lang='lat' dir='ltr'><strong>puto,</strong></span> <span class='ocrx_word' id='word_1_265' title='bbox 208 2999 309 3077; x_wconf 87' lang='lat' dir='ltr'><strong>siquis</strong></span> <span class='ocrx_word' id='word_1_266' title='bbox 324 3000 469 3072; x_wconf 86' lang='lat' dir='ltr'><strong>ostendat,</strong></span> <span class='ocrx_word' id='word_1_267' title='bbox 489 3022 555 3079; x_wconf 87' lang='lat' dir='ltr'><strong>quae</strong></span> <span class='ocrx_word' id='word_1_268' title='bbox 570 3002 744 3060; x_wconf 81' lang='lat' dir='ltr'><strong>factionibus</strong></span> <span class='ocrx_word' id='word_1_269' title='bbox 759 3023 925 3081; x_wconf 88' lang='lat' dir='ltr'><strong>oppressus,</strong></span> <span class='ocrx_word' id='word_1_270' title='bbox 940 3014 1043 3063; x_wconf 89' lang='lat' dir='ltr'><strong>contra</strong></span> <span class='ocrx_word' id='word_1_271' title='bbox 1057 3005 1203 3065; x_wconf 88' lang='lat' dir='ltr'><strong>decretum</strong></span> 
     </span>
     <span class='ocr_line' id='line_1_31' title="bbox 111 3091 1203 3174; baseline 0.01 -27"><span class='ocrx_word' id='word_1_272' title='bbox 111 3091 149 3150; x_wconf 91' lang='lat' dir='ltr'><strong>sit</strong></span> <span class='ocrx_word' id='word_1_273' title='bbox 163 3111 328 3170; x_wconf 86' lang='lat' dir='ltr'><strong>perpessus.</strong></span> <span class='ocrx_word' id='word_1_274' title='bbox 371 3091 541 3164; x_wconf 77' lang='lat' dir='ltr'><strong>Eubulidas,</strong></span> <span class='ocrx_word' id='word_1_275' title='bbox 557 3104 589 3151; x_wconf 88' lang='lat' dir='ltr'><strong>ut</strong></span> <span class='ocrx_word' id='word_1_276' title='bbox 601 3105 729 3152; x_wconf 83' lang='lat' dir='ltr'><strong>vestrum</strong></span> <span class='ocrx_word' id='word_1_277' title='bbox 748 3094 830 3152; x_wconf 89' lang='lat' dir='ltr'><strong>multi</strong></span> <span class='ocrx_word' id='word_1_278' title='bbox 851 3106 967 3164; x_wconf 90' lang='lat' dir='ltr'><strong>norunt,</strong></span> <span class='ocrx_word' id='word_1_279' title='bbox 983 3096 1143 3174; x_wconf 90' lang='lat' dir='ltr'><strong>impietatis</strong></span> <span class='ocrx_word' id='word_1_280' title='bbox 1157 3118 1203 3158; x_wconf 90' lang='lat' dir='ltr'><strong>ac·</strong></span> 
     </span>
     <span class='ocr_line' id='line_1_32' title="bbox 108 3182 1204 3264; baseline 0.006 -23"><span class='ocrx_word' id='word_1_281' title='bbox 108 3193 210 3241; x_wconf 89' lang='lat' dir='ltr'><strong>cusata</strong></span> <span class='ocrx_word' id='word_1_282' title='bbox 223 3202 321 3241; x_wconf 88' lang='lat' dir='ltr'><strong>sorore</strong></span> <span class='ocrx_word' id='word_1_283' title='bbox 336 3182 559 3253; x_wconf 83' lang='lat' dir='ltr'><strong>Lacedaemonii,</strong></span> <span class='ocrx_word' id='word_1_284' title='bbox 575 3185 704 3264; x_wconf 89' lang='lat' dir='ltr'><strong>quintam</strong></span> <span class='ocrx_word' id='word_1_285' title='bbox 721 3184 917 3263; x_wconf 87' lang='lat' dir='ltr'><strong>suffragiorum</strong></span> <span class='ocrx_word' id='word_1_286' title='bbox 932 3198 1043 3264; x_wconf 82' lang='lat' dir='ltr'><strong>partem</strong></span> <span class='ocrx_word' id='word_1_287' title='bbox 1059 3208 1118 3247; x_wconf 93' lang='lat' dir='ltr'><strong>non</strong></span> <span class='ocrx_word' id='word_1_288' title='bbox 1130 3188 1204 3248; x_wconf 85' lang='lat' dir='ltr'><strong>tulit.</strong></span> 
     </span>
     <span class='ocr_line' id='line_1_33' title="bbox 111 3274 1204 3352; baseline 0.009 -21"><span class='ocrx_word' id='word_1_289' title='bbox 111 3275 199 3338; x_wconf 87' lang='lat' dir='ltr'><strong>Quod</strong></span> <span class='ocrx_word' id='word_1_290' title='bbox 221 3274 308 3352; x_wconf 86' lang='lat' dir='ltr'><strong>igitur</strong></span> <span class='ocrx_word' id='word_1_291' title='bbox 324 3274 353 3330; x_wconf 93' lang='lat' dir='ltr'><strong>in</strong></span> <span class='ocrx_word' id='word_1_292' title='bbox 376 3294 411 3333; x_wconf 89' lang='lat' dir='ltr'><strong>ea</strong></span> <span class='ocrx_word' id='word_1_293' title='bbox 431 3295 521 3334; x_wconf 87' lang='lat' dir='ltr'><strong>causa</strong></span> <span class='ocrx_word' id='word_1_294' title='bbox 536 3287 565 3334; x_wconf 89' lang='lat' dir='ltr'><strong>et</strong></span> <span class='ocrx_word' id='word_1_295' title='bbox 578 3297 688 3348; x_wconf 87' lang='lat' dir='ltr'><strong>verum,</strong></span> <span class='ocrx_word' id='word_1_296' title='bbox 702 3289 731 3335; x_wconf 88' lang='lat' dir='ltr'><strong>et</strong></span> <span class='ocrx_word' id='word_1_297' title='bbox 745 3277 792 3336; x_wconf 90' lang='lat' dir='ltr'><strong>isti</strong></span> <span class='ocrx_word' id='word_1_298' title='bbox 813 3279 967 3336; x_wconf 88' lang='lat' dir='ltr'><strong>adversum</strong></span> <span class='ocrx_word' id='word_1_299' title='bbox 990 3279 1048 3337; x_wconf 89' lang='lat' dir='ltr'><strong>dixi</strong></span> <span class='ocrx_word' id='word_1_300' title='bbox 1073 3281 1204 3340; x_wconf 88' lang='lat' dir='ltr'><strong>testimo-</strong></span> 
     </span>
     <span class='ocr_line' id='line_1_34' title="bbox 110 3367 1205 3449; baseline 0.008 -27"><span class='ocrx_word' id='word_1_301' title='bbox 110 3367 200 3434; x_wconf 88' lang='lat' dir='ltr'><strong>nium,</strong></span> <span class='ocrx_word' id='word_1_302' title='bbox 216 3387 249 3424; x_wconf 92' lang='lat' dir='ltr'><strong>eo</strong></span> <span class='ocrx_word' id='word_1_303' title='bbox 269 3386 383 3424; x_wconf 91' lang='lat' dir='ltr'><strong>mecum</strong></span> <span class='ocrx_word' id='word_1_304' title='bbox 406 3379 522 3425; x_wconf 85' lang='lat' dir='ltr'><strong>exercet</strong></span> <span class='ocrx_word' id='word_1_305' title='bbox 543 3368 716 3440; x_wconf 90' lang='lat' dir='ltr'><strong>inimicitias,</strong></span> <span class='ocrx_word' id='word_1_306' title='bbox 731 3390 835 3448; x_wconf 89' lang='lat' dir='ltr'><strong>meque</strong></span> <span class='ocrx_word' id='word_1_307' title='bbox 859 3381 1021 3449; x_wconf 86' lang='lat' dir='ltr'><strong>oppugnat.</strong></span> <span class='ocrx_word' id='word_1_308' title='bbox 1066 3372 1205 3442; x_wconf 82' lang='lat' dir='ltr'><strong>Quicum</strong></span> 
     </span>
     <span class='ocr_line' id='line_1_35' title="bbox 109 3459 1204 3544; baseline 0.009 -29"><span class='ocrx_word' id='word_1_309' title='bbox 109 3469 140 3515; x_wconf 92' lang='lat' dir='ltr'><strong>et</strong></span> <span class='ocrx_word' id='word_1_310' title='bbox 163 3469 278 3516; x_wconf 88' lang='lat' dir='ltr'><strong>senator</strong></span> <span class='ocrx_word' id='word_1_311' title='bbox 299 3470 387 3528; x_wconf 90' lang='lat' dir='ltr'><strong>esset,</strong></span> <span class='ocrx_word' id='word_1_312' title='bbox 402 3469 432 3516; x_wconf 90' lang='lat' dir='ltr'><strong>ct</strong></span> <span class='ocrx_word' id='word_1_313' title='bbox 450 3459 665 3538; x_wconf 86' lang='lat' dir='ltr'><strong>jusjurandum,</strong></span> <span class='ocrx_word' id='word_1_314' title='bbox 687 3474 772 3540; x_wconf 86' lang='lat' dir='ltr'><strong>atque</strong></span> <span class='ocrx_word' id='word_1_315' title='bbox 788 3463 897 3533; x_wconf 86' lang='lat' dir='ltr'><strong>album,</strong></span> <span class='ocrx_word' id='word_1_316' title='bbox 912 3483 948 3521; x_wconf 90' lang='lat' dir='ltr'><strong>ex</strong></span> <span class='ocrx_word' id='word_1_317' title='bbox 967 3484 1026 3542; x_wconf 91' lang='lat' dir='ltr'><strong>quo</strong></span> <span class='ocrx_word' id='word_1_318' title='bbox 1048 3467 1204 3544; x_wconf 88' lang='lat' dir='ltr'><strong>populares</strong></span> 
     </span>
     <span class='ocr_line' id='line_1_36' title="bbox 108 3550 1203 3635; baseline 0.01 -28"><span class='ocrx_word' id='word_1_319' title='bbox 108 3550 184 3608; x_wconf 90' lang='lat' dir='ltr'><strong>intro</strong></span> <span class='ocrx_word' id='word_1_320' title='bbox 203 3552 337 3621; x_wconf 86' lang='lat' dir='ltr'><strong>vocabat,</strong></span> <span class='ocrx_word' id='word_1_321' title='bbox 357 3552 384 3609; x_wconf 92' lang='lat' dir='ltr'><strong>in</strong></span> <span class='ocrx_word' id='word_1_322' title='bbox 401 3571 454 3609; x_wconf 88' lang='lat' dir='ltr'><strong>sua</strong></span> <span class='ocrx_word' id='word_1_323' title='bbox 468 3564 615 3629; x_wconf 88' lang='lat' dir='ltr'><strong>potestate</strong></span> <span class='ocrx_word' id='word_1_324' title='bbox 629 3555 759 3627; x_wconf 86' lang='lat' dir='ltr'><strong>haberet,</strong></span> <span class='ocrx_word' id='word_1_325' title='bbox 780 3556 850 3635; x_wconf 92' lang='lat' dir='ltr'><strong>quid</strong></span> <span class='ocrx_word' id='word_1_326' title='bbox 868 3556 958 3615; x_wconf 73' lang='lat' dir='ltr'><strong>lacit?</strong></span> <span class='ocrx_word' id='word_1_327' title='bbox 993 3557 1123 3617; x_wconf 90' lang='lat' dir='ltr'><strong>Primum</strong></span> <span class='ocrx_word' id='word_1_328' title='bbox 1138 3579 1203 3619; x_wconf 91' lang='lat' dir='ltr'><strong>cum</strong></span> 
     </span>
     <span class='ocr_line' id='line_1_37' title="bbox 109 3641 1203 3720; baseline 0.011 -20"><span class='ocrx_word' id='word_1_329' title='bbox 109 3641 271 3720; x_wconf 89' lang='lat' dir='ltr'><strong>municipes</strong></span> <span class='ocrx_word' id='word_1_330' title='bbox 294 3643 505 3715; x_wconf 88' lang='lat' dir='ltr'><strong>convenissent,</strong></span> <span class='ocrx_word' id='word_1_331' title='bbox 521 3648 707 3706; x_wconf 90' lang='lat' dir='ltr'><strong>concionibus</strong></span> <span class='ocrx_word' id='word_1_332' title='bbox 720 3648 873 3719; x_wconf 85' lang='lat' dir='ltr'><strong>habendis,</strong></span> <span class='ocrx_word' id='word_1_333' title='bbox 890 3659 920 3707; x_wconf 93' lang='lat' dir='ltr'><strong>et</strong></span> <span class='ocrx_word' id='word_1_334' title='bbox 934 3649 1060 3710; x_wconf 88' lang='lat' dir='ltr'><strong>decretis</strong></span> <span class='ocrx_word' id='word_1_335' title='bbox 1075 3653 1203 3711; x_wconf 89' lang='lat' dir='ltr'><strong>scriben-</strong></span> 
     </span>
     <span class='ocr_line' id='line_1_38' title="bbox 110 3736 1204 3816; baseline 0.008 -20"><span class='ocrx_word' id='word_1_336' title='bbox 110 3736 155 3796; x_wconf 91' lang='lat' dir='ltr'><strong>dis</strong></span> <span class='ocrx_word' id='word_1_337' title='bbox 171 3736 248 3794; x_wconf 89' lang='lat' dir='ltr'><strong>diem</strong></span> <span class='ocrx_word' id='word_1_338' title='bbox 263 3736 407 3794; x_wconf 87' lang='lat' dir='ltr'><strong>contrivit.</strong></span> <span class='ocrx_word' id='word_1_339' title='bbox 451 3738 486 3795; x_wconf 92' lang='lat' dir='ltr'><strong>ld</strong></span> <span class='ocrx_word' id='word_1_340' title='bbox 503 3760 570 3799; x_wconf 86' lang='lat' dir='ltr'><strong>vere</strong></span> <span class='ocrx_word' id='word_1_341' title='bbox 589 3762 648 3800; x_wconf 89' lang='lat' dir='ltr'><strong>nen</strong></span> <span class='ocrx_word' id='word_1_342' title='bbox 668 3743 742 3801; x_wconf 85' lang='lat' dir='ltr'><strong>forte</strong></span> <span class='ocrx_word' id='word_1_343' title='bbox 757 3744 873 3801; x_wconf 85' lang='lat' dir='ltr'><strong>fortuna</strong></span> <span class='ocrx_word' id='word_1_344' title='bbox 888 3742 996 3801; x_wconf 83' lang='lat' dir='ltr'><strong>lactum</strong></span> <span class='ocrx_word' id='word_1_345' title='bbox 1011 3755 1067 3816; x_wconf 89' lang='lat' dir='ltr'><strong>cst,</strong></span> <span class='ocrx_word' id='word_1_346' title='bbox 1083 3746 1137 3805; x_wconf 89' lang='lat' dir='ltr'><strong>sed</strong></span> <span class='ocrx_word' id='word_1_347' title='bbox 1150 3746 1204 3805; x_wconf 87' lang='lat' dir='ltr'><strong>cir·</strong></span> 
     </span>
     <span class='ocr_line' id='line_1_39' title="bbox 109 3831 1204 3916; baseline 0.008 -24"><span class='ocrx_word' id='word_1_348' title='bbox 109 3831 323 3892; x_wconf 90' lang='lat' dir='ltr'><strong>cumscribendi</strong></span> <span class='ocrx_word' id='word_1_349' title='bbox 336 3832 392 3888; x_wconf 91' lang='lat' dir='ltr'><strong>mei</strong></span> <span class='ocrx_word' id='word_1_350' title='bbox 407 3853 505 3905; x_wconf 87' lang='lat' dir='ltr'><strong>causa,</strong></span> <span class='ocrx_word' id='word_1_351' title='bbox 517 3845 549 3894; x_wconf 93' lang='lat' dir='ltr'><strong>ut</strong></span> <span class='ocrx_word' id='word_1_352' title='bbox 564 3856 652 3913; x_wconf 90' lang='lat' dir='ltr'><strong>quam</strong></span> <span class='ocrx_word' id='word_1_353' title='bbox 664 3838 827 3896; x_wconf 85' lang='lat' dir='ltr'><strong>tardissime</strong></span> <span class='ocrx_word' id='word_1_354' title='bbox 842 3838 879 3895; x_wconf 91' lang='lat' dir='ltr'><strong>de</strong></span> <span class='ocrx_word' id='word_1_355' title='bbox 895 3858 940 3896; x_wconf 89' lang='lat' dir='ltr'><strong>me</strong></span> <span class='ocrx_word' id='word_1_356' title='bbox 955 3841 1204 3916; x_wconf 83' lang='lat' dir='ltr'><strong>pronunciaretur.</strong></span> 
     </span>
     <span class='ocr_line' id='line_1_40' title="bbox 108 3925 1205 4010; baseline 0.007 -25"><span class='ocrx_word' id='word_1_357' title='bbox 108 3926 203 4005; x_wconf 91' lang='lat' dir='ltr'><strong>quue</strong></span> <span class='ocrx_word' id='word_1_358' title='bbox 220 3925 348 4004; x_wconf 83' lang='lat' dir='ltr'><strong>perfecit.</strong></span> <span class='ocrx_word' id='word_1_359' title='bbox 384 3925 422 3983; x_wconf 91' lang='lat' dir='ltr'><strong>Et</strong></span> <span class='ocrx_word' id='word_1_360' title='bbox 433 3927 601 4006; x_wconf 63' lang='lat' dir='ltr'><strong>municipes</strong></span> <span class='ocrx_word' id='word_1_361' title='bbox 616 3930 665 4007; x_wconf 90' lang='lat' dir='ltr'><strong>qui</strong></span> <span class='ocrx_word' id='word_1_362' title='bbox 674 3934 885 4004; x_wconf 89' lang='lat' dir='ltr'><strong>juraveramus,</strong></span> <span class='ocrx_word' id='word_1_363' title='bbox 899 3939 958 3987; x_wconf 90' lang='lat' dir='ltr'><strong>tres</strong></span> <span class='ocrx_word' id='word_1_364' title='bbox 973 3940 1003 3988; x_wconf 92' lang='lat' dir='ltr'><strong>et</strong></span> <span class='ocrx_word' id='word_1_365' title='bbox 1017 3934 1205 4010; x_wconf 84' lang='lat' dir='ltr'><strong>septuaginta</strong></span> 
     </span>
     <span class='ocr_line' id='line_1_41' title="bbox 108 4017 1204 4101; baseline 0.008 -25"><span class='ocrx_word' id='word_1_366' title='bbox 108 4019 225 4077; x_wconf 85' lang='lat' dir='ltr'><strong>fuimus.</strong></span> <span class='ocrx_word' id='word_1_367' title='bbox 267 4017 416 4096; x_wconf 89' lang='lat' dir='ltr'><strong>Coepimns</strong></span> <span class='ocrx_word' id='word_1_368' title='bbox 440 4029 534 4077; x_wconf 90' lang='lat' dir='ltr'><strong>autem</strong></span> <span class='ocrx_word' id='word_1_369' title='bbox 556 4021 629 4080; x_wconf 86' lang='lat' dir='ltr'><strong>ferre</strong></span> <span class='ocrx_word' id='word_1_370' title='bbox 648 4022 785 4100; x_wconf 81' lang='lat' dir='ltr'><strong>suffragia</strong></span> <span class='ocrx_word' id='word_1_371' title='bbox 801 4022 957 4080; x_wconf 87' lang='lat' dir='ltr'><strong>admodum</strong></span> <span class='ocrx_word' id='word_1_372' title='bbox 973 4042 1058 4091; x_wconf 76' lang='lat' dir='ltr'><strong>sero:</strong></span> <span class='ocrx_word' id='word_1_373' title='bbox 1082 4025 1204 4101; x_wconf 88' lang='lat' dir='ltr'><strong>proinde</strong></span> 
     </span>
     <span class='ocr_line' id='line_1_42' title="bbox 108 4112 1201 4193; baseline 0.005 -23"><span class='ocrx_word' id='word_1_374' title='bbox 108 4112 224 4183; x_wconf 88' lang='lat' dir='ltr'><strong>accidit,</strong></span> <span class='ocrx_word' id='word_1_375' title='bbox 241 4131 305 4170; x_wconf 91' lang='lat' dir='ltr'><strong>cum</strong></span> <span class='ocrx_word' id='word_1_376' title='bbox 322 4130 427 4170; x_wconf 91' lang='lat' dir='ltr'><strong>nomen</strong></span> <span class='ocrx_word' id='word_1_377' title='bbox 442 4130 537 4168; x_wconf 87' lang='lat' dir='ltr'><strong>memn</strong></span> <span class='ocrx_word' id='word_1_378' title='bbox 552 4113 663 4184; x_wconf 87' lang='lat' dir='ltr'><strong>citaret,</strong></span> <span class='ocrx_word' id='word_1_379' title='bbox 680 4127 712 4171; x_wconf 93' lang='lat' dir='ltr'><strong>ut</strong></span> <span class='ocrx_word' id='word_1_380' title='bbox 727 4115 789 4193; x_wconf 88' lang='lat' dir='ltr'><strong>jam</strong></span> <span class='ocrx_word' id='word_1_381' title='bbox 810 4114 938 4172; x_wconf 87' lang='lat' dir='ltr'><strong>tenebrae</strong></span> <span class='ocrx_word' id='word_1_382' title='bbox 952 4125 1073 4172; x_wconf 84' lang='lat' dir='ltr'><strong>essent:</strong></span> <span class='ocrx_word' id='word_1_383' title='bbox 1096 4118 1201 4175; x_wconf 87' lang='lat' dir='ltr'><strong>etenim</strong></span> 
     </span>
     <span class='ocr_line' id='line_1_43' title="bbox 107 4202 1203 4288; baseline 0.004 -26"><span class='ocrx_word' id='word_1_384' title='bbox 107 4217 276 4281; x_wconf 88' lang='lat' dir='ltr'><strong>perventum</strong></span> <span class='ocrx_word' id='word_1_385' title='bbox 286 4203 348 4282; x_wconf 87' lang='lat' dir='ltr'><strong>jam</strong></span> <span class='ocrx_word' id='word_1_386' title='bbox 370 4212 433 4261; x_wconf 90' lang='lat' dir='ltr'><strong>erat</strong></span> <span class='ocrx_word' id='word_1_387' title='bbox 454 4202 567 4261; x_wconf 90' lang='lat' dir='ltr'><strong>circiter</strong></span> <span class='ocrx_word' id='word_1_388' title='bbox 588 4205 625 4262; x_wconf 90' lang='lat' dir='ltr'><strong>ad</strong></span> <span class='ocrx_word' id='word_1_389' title='bbox 645 4206 866 4284; x_wconf 84' lang='lat' dir='ltr'><strong>sexagesimum,</strong></span> <span class='ocrx_word' id='word_1_390' title='bbox 880 4217 910 4264; x_wconf 93' lang='lat' dir='ltr'><strong>et</strong></span> <span class='ocrx_word' id='word_1_391' title='bbox 925 4217 1047 4265; x_wconf 89' lang='lat' dir='ltr'><strong>vocatus</strong></span> <span class='ocrx_word' id='word_1_392' title='bbox 1066 4227 1132 4266; x_wconf 90' lang='lat' dir='ltr'><strong>snm</strong></span> <span class='ocrx_word' id='word_1_393' title='bbox 1151 4226 1203 4288; x_wconf 89' lang='lat' dir='ltr'><strong>po·</strong></span> 
     </span>
     <span class='ocr_line' id='line_1_44' title="bbox 108 4295 1202 4378; baseline 0.005 -25"><span class='ocrx_word' id='word_1_394' title='bbox 108 4306 232 4356; x_wconf 90' lang='lat' dir='ltr'><strong>stremus</strong></span> <span class='ocrx_word' id='word_1_395' title='bbox 247 4296 373 4354; x_wconf 87' lang='lat' dir='ltr'><strong>omnium</strong></span> <span class='ocrx_word' id='word_1_396' title='bbox 389 4295 536 4365; x_wconf 84' lang='lat' dir='ltr'><strong>intereos,</strong></span> <span class='ocrx_word' id='word_1_397' title='bbox 551 4296 600 4373; x_wconf 90' lang='lat' dir='ltr'><strong>qui</strong></span> <span class='ocrx_word' id='word_1_398' title='bbox 616 4296 665 4357; x_wconf 91' lang='lat' dir='ltr'><strong>illo</strong></span> <span class='ocrx_word' id='word_1_399' title='bbox 685 4300 733 4358; x_wconf 91' lang='lat' dir='ltr'><strong>die</strong></span> <span class='ocrx_word' id='word_1_400' title='bbox 749 4311 818 4358; x_wconf 88' lang='lat' dir='ltr'><strong>sunt</strong></span> <span class='ocrx_word' id='word_1_401' title='bbox 830 4300 937 4371; x_wconf 91' lang='lat' dir='ltr'><strong>vocati,</strong></span> <span class='ocrx_word' id='word_1_402' title='bbox 951 4307 1022 4357; x_wconf 90' lang='lat' dir='ltr'><strong>natu</strong></span> <span class='ocrx_word' id='word_1_403' title='bbox 1038 4301 1202 4378; x_wconf 87' lang='lat' dir='ltr'><strong>grandiori·</strong></span> 
     </span>
     <span class='ocr_line' id='line_1_45' title="bbox 108 4387 1204 4470; baseline 0.005 -26"><span class='ocrx_word' id='word_1_404' title='bbox 108 4388 163 4445; x_wconf 89' lang='lat' dir='ltr'><strong>bus</strong></span> <span class='ocrx_word' id='word_1_405' title='bbox 177 4389 250 4447; x_wconf 87' lang='lat' dir='ltr'><strong>inter</strong></span> <span class='ocrx_word' id='word_1_406' title='bbox 265 4388 426 4467; x_wconf 89' lang='lat' dir='ltr'><strong>municipes</strong></span> <span class='ocrx_word' id='word_1_407' title='bbox 436 4387 497 4466; x_wconf 88' lang='lat' dir='ltr'><strong>jam</strong></span> <span class='ocrx_word' id='word_1_408' title='bbox 512 4387 540 4444; x_wconf 88' lang='lat' dir='ltr'><strong>in</strong></span> <span class='ocrx_word' id='word_1_409' title='bbox 555 4406 639 4465; x_wconf 85' lang='lat' dir='ltr'><strong>agros</strong></span> <span class='ocrx_word' id='word_1_410' title='bbox 655 4390 803 4468; x_wconf 84' lang='lat' dir='ltr'><strong>digressis.</strong></span> <span class='ocrx_word' id='word_1_411' title='bbox 837 4391 912 4449; x_wconf 92' lang='lat' dir='ltr'><strong>Cum</strong></span> <span class='ocrx_word' id='word_1_412' title='bbox 922 4390 999 4448; x_wconf 90' lang='lat' dir='ltr'><strong>enim</strong></span> <span class='ocrx_word' id='word_1_413' title='bbox 1012 4391 1204 4470; x_wconf 84' lang='lat' dir='ltr'><strong>municipium</strong></span> 
     </span>
    </p>
   </div>
   <div class='ocr_carea' id='block_1_3' title="bbox 0 0 1336 4792">
    <p class='ocr_par' dir='ltr' id='par_1_6' title="bbox 0 0 1336 4792">
     <span class='ocr_line' id='line_1_46' title="bbox 0 0 1336 4792; baseline 0 1"><span class='ocrx_word' id='word_1_414' title='bbox 0 0 1336 4792; x_wconf 95' lang='lat' dir='ltr'><strong> </strong></span> 
     </span>
    </p>
   </div>
  </div>
 </body>
</html>
