2708 4786
173 278 240 337 7⁶6·
473 266 650 340 conuul-
663 278 955 344 THEOCRlNEM.
970 316 973 321 ·

171 433 347 495 muiatorum
360 435 578 497 metuimmunis
592 437 707 517 degas?
733 436 885 517 Namque
908 438 939 497 in
958 434 1022 498 aliis
1041 435 1152 512 injuriis
1165 435 1274 496 conia·-

172 527 280 606 gimus,
294 527 332 588 ad
360 527 453 607 leges,
472 529 511 589 ad
530 529 653 609 judicia,
667 530 705 590 ad
728 538 830 601 testes,
844 530 883 590 ad
906 528 1110 604 conciliabula,
1128 528 1195 589 haec
1214 528 1276 588 illis·

171 620 296 698 quaestui
310 628 390 692 sunt,
403 621 433 680 in
446 620 492 681 his
502 622 579 682 vires
592 630 743 683 ostentant
756 640 839 690 suam
851 623 960 684 amicos
976 621 1146 683 existimant
1158 641 1213 682 eos
1221 621 1273 701 qui·

171 720 337 786 numerant,
349 713 461 785 hostes,
472 714 606 775 homines
619 715 732 794 quietos
746 724 778 775 et
790 714 905 775 divites.

216 806 263 863 17.
278 804 483 866 Recordamini
500 806 598 886 igitur,
611 807 743 880 Judices,
756 817 787 867 et
804 807 997 888 improbitatis
1017 809 1151 878 istorum,
1165 818 1196 869 et
1209 828 1270 871 ma·

167 898 265 978 joram
283 906 459 972 nostrorum,
480 917 605 978 quorum
619 899 791 979 Epichares,
804 918 878 961 avus
892 919 987 974 meus,
1001 900 1149 981 Olympiae
1162 921 1269 981 pueros

171 988 268 1053 stadio
280 992 360 1064 vicit,
374 1008 572 1071 coronamque
584 991 752 1073 reipublicae
765 991 874 1067 retulit,
887 1003 918 1052 et
931 992 1010 1072 apud
1019 993 1146 1073 majores
1157 1003 1270 1057 vestrm

171 1104 239 1145 cum
251 1086 332 1145 bona
344 1084 556 1145 existimatione
570 1085 648 1146 diem
661 1104 747 1145 suum
761 1085 843 1146 obiit.
884 1085 947 1145 Nos
960 1104 1030 1147 vero
1042 1094 1164 1166 propter
1180 1086 1274 1149 istum-

170 1179 226 1240 diis
249 1178 373 1239 invisum
395 1179 454 1240 hac
477 1180 595 1240 civitate
618 1179 798 1252 fraudamur,
812 1198 866 1258 pro
884 1197 944 1258 qua
957 1178 1156 1240 Aristocrates
1172 1180 1270 1243 Scellii

171 1271 259 1345 filius,
274 1271 435 1333 avunculus
457 1271 609 1353 Epicharis
633 1273 680 1332 avi
700 1272 769 1344 mei,
785 1272 868 1352 cujus
888 1272 957 1332 huie
974 1272 1057 1332 fratri
1077 1291 1145 1333 meo
1163 1292 1272 1335 nomen-

168 1374 216 1428 est
228 1366 362 1437 inditum,
375 1364 476 1427 multis
497 1374 528 1424 et
549 1364 698 1445 praeclaris
719 1365 806 1426 rebus
829 1365 928 1444 gestis,
940 1363 1052 1424 bellum
1071 1374 1175 1425 nostra
1197 1367 1268 1427 urbs·

168 1471 290 1540 gerente
301 1478 370 1520 cum
382 1457 623 1530 Lacedaemoniis,
637 1477 739 1518 eversa
751 1457 905 1529 Estiones,
923 1458 954 1516 in
974 1475 1064 1535 quam
1079 1457 1189 1519 Critias
1202 1477 1268 1520 cum

168 1552 272 1613 ceteris
281 1549 411 1632 tyrannis
422 1548 660 1627 Lacedaemonios
673 1559 843 1629 recepturus
863 1549 929 1622 tuit,
942 1547 1102 1609 castellum
1112 1570 1129 1609 e
1140 1569 1202 1629 quo
1215 1569 1267 1632 op-

168 1645 373 1727 pugnabamur
391 1642 490 1714 diruit,
513 1641 712 1721 populumque
729 1641 872 1702 restituit:
901 1661 961 1701 non
980 1641 1063 1715 talia,
1084 1643 1186 1722 qualia
1205 1644 1268 1705 luec

169 1746 240 1798 sunt
261 1733 392 1818 pericula
404 1734 535 1808 subiens,
549 1734 604 1794 sed
617 1738 680 1810 ejus
694 1734 818 1814 generis,
832 1734 983 1814 inquibus
997 1745 1028 1793 et
1040 1745 1165 1795 mortem
1178 1755 1266 1817 oppe-

166 1841 230 1890 tere
256 1827 429 1908 praeclarum
454 1837 509 1898 est,
522 1834 553 1885 et
576 1834 700 1885 conatus
729 1827 840 1900 eorum,
863 1827 915 1906 qui
938 1826 1021 1912 robis
1042 1825 1266 1905 insidiabantur,

166 1920 359 2003 compescuit.
413 1918 537 1997 Propter
557 1937 661 1997 quem,
678 1916 704 1978 si
726 1918 883 1979 Theocrini
906 1918 1015 1978 similes
1039 1937 1181 1994 essemus,
1202 1924 1266 2001 jura

166 2034 221 2076 nos
234 2011 454 2085 conservaretis,
471 2010 591 2084 nedum,
613 2029 681 2070 cum
699 2030 735 2072 eo
755 2011 890 2072 meliores
903 2011 1003 2084 simus,
1014 2011 1186 2092 justamque
1198 2034 1266 2076 cau·

167 2128 230 2169 sam
241 2107 412 2167 habeamus.
453 2104 559 2183 Neque
573 2103 651 2163 enim
670 2122 750 2185 saepe
762 2123 828 2179 vos,
841 2104 886 2165 his
901 2103 1045 2177 dicendis,
1059 2106 1265 2170 obtundem'us.

168 2201 219 2261 Sic
242 2199 320 2260 enim
339 2199 400 2259 iste
422 2195 576 2256 nobiscum
594 2196 665 2275 egit,
680 2205 726 2269 ut,
748 2196 828 2277 quod
845 2206 875 2257 et
891 2196 973 2257 initio
987 2197 1133 2272 dicebam,
1147 2220 1185 2260 ne
1199 2220 1265 2282 spes

166 2293 285 2373 quidem
298 2292 360 2351 ulla
373 2289 459 2351 nobis
473 2289 511 2349 sit
523 2288 635 2368 reliqua
647 2288 692 2350 vel
705 2291 865 2371 peregrinis
879 2310 1029 2351 concessae
1042 2291 1191 2371 libertatis.
1226 2296 1266 2357 Ut

164 2386 264 2467 igitur,
278 2385 303 2445 si
315 2382 388 2443 nihil
401 2382 491 2457 aliud,
505 2382 553 2442 vel
572 2382 630 2442 hoc
651 2382 785 2443 solatium
798 2384 969 2457 habeamus,
982 2393 1017 2443 ut
1032 2394 1062 2444 et
1078 2383 1170 2446 istum
1183 2407 1263 2449 coer-

165 2481 255 2540 citum
276 2477 440 2549 videamus,
460 2495 515 2535 nos
537 2474 688 2554 adjuvate:
717 2476 894 2537 miseremini
918 2496 1029 2550 eorum,
1052 2476 1103 2556 qui
1126 2490 1264 2543 anostra

164 2571 276 2632 familia
296 2580 419 2628 mortem
440 2572 493 2648 pro
511 2567 662 2646 republica
676 2568 875 2647 oppetierunt:
897 2569 995 2648 cogite
1018 2589 1086 2630 eum
1110 2570 1150 2630 ad
1171 2574 1262 2653 ipsam

164 2663 342 2724 delationem
354 2659 549 2740 respondere:
564 2668 595 2718 et
607 2660 682 2719 tales
694 2660 726 2718 in
739 2660 803 2739 ejus
814 2679 903 2721 causa
916 2682 968 2722 vos
982 2663 1122 2741 praebete,
1132 2663 1262 2740 Judices,

165 2755 259 2836 qualis
272 2754 328 2813 iste
341 2751 432 2811 nostri
444 2751 499 2810 fuit
513 2761 674 2825 accusator,
695 2751 745 2830 qui
763 2752 895 2831 deceptis
911 2754 1072 2833 judicibus,
1086 2757 1262 2818 mediocrem

163 2849 289 2928 aliquam
311 2845 441 2924 infligere
465 2845 604 2904 mulctam
626 2845 702 2924 patri
723 2844 828 2918 noluit,
842 2865 888 2905 me
911 2847 1034 2907 multum
1055 2851 1213 2924 obtestato,
1231 2860 1262 2911 et

163 2952 231 3003 ante
253 2941 316 3021 ejus
332 2958 429 3020 genua
442 2938 609 3019 suppliciter
621 2939 788 3018 provoluto,
803 2939 866 3012 sed,
881 2949 1019 3018 tanquam
1039 2951 1123 3020 pater
1144 2962 1260 3023 rempu-

161 3034 268 3096 blicam
291 3032 478 3114 prodidisset,
502 3030 583 3092 litem
606 3033 633 3092 ei
657 3033 761 3092 decem
780 3031 900 3092 talentis
925 3032 1090 3094 aestimavit.
1134 3036 1259 3096 Oramus

161 3127 250 3206 igitur
264 3136 352 3206 atque
366 3126 563 3197 obsecramus,
576 3135 609 3183 ut
624 3124 706 3204 justa
719 3144 785 3202 quae
808 3135 887 3196 sunt,
902 3124 1076 3185 decernatis.
1118 3126 1203 3189 Heus
1217 3138 1258 3200 tu,

163 3219 302 3279 auxiliare
314 3218 407 3292 nobis,
420 3216 446 3278 si
458 3217 529 3296 quid
541 3217 644 3292 habes,
655 3226 685 3277 et
698 3217 888 3297 patrocinare.
931 3217 1097 3280 Adscende.
