2662 4792
111 273 172 333 656
329 271 376 331 IN
398 268 602 331 EVERGUM
623 270 675 330 ET
696 265 985 329 MNESIBULUM.

112 426 260 506 mitigatis,
270 446 358 506 quem
373 427 473 487 multis
486 436 517 487 et
528 445 585 507 ego
597 425 651 485 sim
665 423 788 487 affectus
800 423 920 503 injuriis,
935 431 966 481 et
976 429 1010 481 ut
1018 418 1136 499 judices
1148 417 1200 479 de-

111 521 190 600 cepti
202 520 321 592 fuerint,
333 530 363 579 et
376 531 410 579 ut
422 520 471 580 isti
483 519 558 583 falsa
572 517 716 579 testificati
731 519 799 578 sint.
1104 588 1107 593 ι

150 614 181 671 2.
202 612 266 671 Etsi
287 622 387 673 autem
400 612 525 673 maxime
542 612 647 672 vellem
659 630 718 671 non
736 602 842 671 incessi
855 606 925 669 mibi
938 606 1105 687 negotium:
1126 614 1202 667 atta-

111 722 178 763 men
192 703 276 763 sicui
291 704 388 784 quieto
402 723 539 764 essenon
553 704 712 774 licet,illud
722 702 886 782 jucundum
897 710 953 773 est,
964 720 1030 761 cum
1043 700 1079 759 iis
1088 699 1203 779 litigare

113 794 163 873 qui
175 795 256 855 vobis
270 796 362 876 ignoti
376 817 435 857 non
449 806 528 857 suut.
570 797 658 857 Nunc
672 797 785 876 longior
799 814 817 855 a
830 815 876 855 me
890 805 1019 855 sumetur
1032 792 1125 852 oratio
1139 812 1203 853 mo·

112 887 193 945 ribus
215 906 313 947 eorum
339 889 543 968 ostendendis,
564 909 651 969 quam
680 887 839 948 testimonii
860 887 989 947 falsitate
1013 884 1202 945 revincendo.

113 978 191 1037 Nam
203 978 234 1038 id
247 980 364 1059 quidem
382 1001 448 1042 esse
467 982 585 1053 falsum,
603 981 659 1061 ipsi
680 979 751 1041 mihi
771 979 926 1041 ostendere
946 977 1091 1049 videntur,
1106 996 1203 1057 neque

111 1089 169 1150 ego
182 1089 303 1132 necesse
317 1071 414 1132 habeo
429 1081 518 1134 testes
532 1073 615 1147 aiios,
630 1093 718 1153 quem
730 1072 795 1133 illos
807 1072 897 1153 ipsos,
910 1070 1082 1152 producere.
1126 1068 1204 1129 Nam

112 1163 223 1242 quaeis
237 1162 348 1223 ratione
365 1163 465 1224 liceret
477 1163 592 1224 liberari
606 1164 729 1244 negotiis
743 1183 798 1224 nec
815 1164 846 1222 in
859 1173 957 1224 vestro
965 1160 1078 1242 judicio
1089 1159 1205 1241 pericli·

111 1254 175 1328 tari,
194 1263 226 1315 et
248 1255 343 1335 reipsa
367 1256 526 1315 testimonii
548 1257 699 1317 veritatem
720 1258 901 1329 confirmare,
920 1253 1067 1313 mulierem
1088 1252 1203 1314 tradere

112 1346 276 1417 noluerunt,
291 1365 379 1425 quarn
398 1347 428 1405 in
450 1349 645 1426 questionem
657 1348 728 1407 dare
739 1348 867 1407 voluisse
881 1346 1103 1427 Theophemum
1125 1346 1204 1426 apud

112 1438 251 1498 arbitrum
264 1437 465 1518 Pythodorum
486 1440 651 1499 Cedensem
669 1439 817 1500 testificati
837 1448 916 1512 suut,
930 1449 961 1498 et
974 1458 1063 1517 quam
1078 1458 1137 1517 ego
1158 1457 1203 1498 me

109 1541 294 1611 recepturum
308 1549 374 1590 snm
387 1530 545 1611 professus,
556 1541 590 1591 ut
600 1540 691 1591 testes
704 1533 827 1610 quitum
837 1530 946 1591 affuere
959 1529 1042 1591 robis
1053 1530 1203 1609 injudicio

112 1625 260 1699 testificati
272 1634 349 1697 suut,
370 1635 401 1684 et
421 1625 605 1685 nuncetiam
627 1625 879 1685 testificabuntur:
900 1644 974 1704 quos
994 1624 1204 1704 Theophemus

112 1720 183 1797 ipre,
193 1727 227 1777 ut
238 1737 308 1779 vera
317 1717 501 1793 testificatos,
516 1737 611 1797 neque
622 1718 781 1791 accusavit,
791 1737 886 1797 neque
894 1717 961 1778 falsi
970 1718 1129 1779 testimonii
1141 1736 1203 1781 reos

112 1813 182 1891 egit.

154 1909 183 1964 3.
206 1906 306 1984 Atque
320 1905 395 1966 adeo
413 1904 469 1985 ipsi
489 1906 550 1965 fere
571 1906 602 1965 in
622 1907 788 1967 testimonio
808 1908 996 1978 confitentur,
1011 1904 1143 1965 voluisse
1156 1922 1203 1965 me

109 1997 261 2059 admittere
274 1999 433 2071 mulierem,
447 1998 665 2078 Theophemum
681 2008 778 2060 autem
792 1998 906 2060 differre
910 1998 1045 2078 jussisse,
1058 1997 1148 2077 idque
1158 2016 1203 2057 me

110 2091 301 2153 detrectasse.
343 2091 440 2159 Quam
453 2111 521 2152 vero
542 2101 572 2151 et
591 2111 648 2170 ego
672 2091 826 2151 admittere
845 2090 935 2163 volui,
953 2100 983 2148 et
997 2088 1202 2169 Theophemus

111 2183 290 2245 obtulit-ut
313 2183 360 2242 isti
381 2183 512 2255 aiunt-,
531 2182 616 2263 cujus
641 2192 738 2242 tamen
759 2202 863 2262 corpus
885 2200 969 2240 nemo
997 2180 1105 2240 adesse*
1124 2178 1203 2253 vidit,

111 2295 208 2357 neque
227 2286 297 2337 tunc
321 2275 401 2355 apud
414 2273 563 2345 arbitrum,
578 2294 671 2353 neque
691 2275 848 2353 injudicio
867 2283 944 2354 post,
957 2291 1054 2352 neque
1072 2271 1142 2332 aiibi
1155 2290 1203 2331 us·

111 2387 199 2448 quam
213 2366 361 2437 traditum,
377 2387 442 2427 eam
456 2367 604 2428 testificati
618 2368 665 2426 isti
680 2378 759 2440 sunt,
773 2369 887 2427 tradere
909 2366 1037 2425 voluisse
1051 2365 1204 2445 Theophe-

110 2480 190 2519 mum
203 2469 234 2518 et
244 2459 404 2518 obtulisse:
425 2458 547 2518 Judices
561 2468 658 2519 autem
671 2461 781 2540 opinati
797 2469 875 2532 sunt,
886 2478 985 2518 verum
999 2478 1063 2518 esse
1077 2457 1109 2516 id
1123 2456 1204 2517 testi·

112 2551 242 2610 monium
256 2570 264 2617 ;
285 2569 331 2607 me
345 2568 413 2607 vero
436 2568 573 2609 recusare
592 2551 759 2628 quominus
774 2571 790 2610 e
804 2552 923 2610 muliere
940 2551 1153 2629 perquireretur
1166 2548 1203 2607 de

111 2641 324 2718 verberatione,
338 2650 404 2700 uter
423 2654 555 2701 nostrum
573 2644 652 2720 prior
665 2663 716 2722 per
729 2645 864 2724 injuriam
876 2644 958 2703 alteri
972 2663 1076 2703 manus
1092 2642 1204 2703 attulis-

113 2743 167 2792 set.
202 2732 268 2792 Hoo
278 2731 354 2791 enim
366 2732 421 2790 sibi
431 2732 494 2792 vult
503 2734 711 2794 verberationis
722 2738 852 2794 verbum.
881 2736 1023 2814 Nunquid
1038 2728 1108 2813 er'go
1123 2734 1205 2794 aliter

112 2824 174 2882 fieri
188 2832 285 2903 potest
297 2821 367 2901 quin
379 2822 455 2883 falsa
475 2823 524 2883 isti
545 2825 691 2885 testificati
709 2826 775 2899 sint,
790 2827 839 2906 qui
861 2848 897 2887 ne
919 2848 998 2886 nunc
1019 2828 1139 2905 quidem
1152 2845 1204 2886 au-

112 2915 182 2976 dent
205 2934 310 2996 corpus
336 2915 464 2976 mulieris
493 2916 679 2977 tradere-id
705 2919 785 2998 quod
811 2920 952 2978 obtulisse
981 2917 1206 2997 Theophemum

112 3009 258 3082 dixerunt,
277 3010 360 3089 eique
373 3008 521 3069 testificati
541 3020 661 3083 sunt-‚
675 3021 705 3069 et
716 3011 872 3070 testimonii
885 3011 1033 3070 veritatem
1049 3011 1114 3089 ipso
1128 3011 1206 3069 facto

112 3103 293 3175 confirmare,
307 3114 338 3162 et
353 3111 444 3162 testes
464 3102 598 3162 molestia
610 3104 796 3182 periculoque
818 3104 951 3175 liberare,
969 3104 1076 3162 tradito
1090 3104 1206 3164 ancilla

112 3214 243 3274 corpore,
257 3205 291 3253 ut
312 3194 479 3272 exquiratur
497 3214 515 3253 a
535 3195 654 3254 muliere
671 3196 708 3255 de
724 3198 931 3268 verberatione,
946 3216 1004 3274 quo
1018 3215 1074 3274 ego
1092 3196 1207 3275 judicio

112 3286 334 3366 Theophemum
349 3305 517 3364 persequor,
531 3288 667 3364 quoniam
682 3308 746 3348 eam
764 3300 826 3348 tum
846 3309 905 3348 non
919 3288 1060 3361 exhibuit,
1074 3298 1108 3353 et
1118 3308 1208 3368 argu-

114 3388 244 3437 mentum
260 3380 353 3451 exiis,
367 3380 472 3456 quibus
487 3389 550 3438 tum
571 3379 779 3461 Theophemus
794 3382 927 3441 dicendis
942 3380 1060 3460 decepit
1073 3382 1091 3439 J
1095 3381 1207 3456 udices,

115 3468 267 3528 sumatur?

152 3563 182 3619 4.
200 3560 309 3619 Aiebat
329 3561 404 3621 enim
424 3563 453 3622 in
476 3583 568 3624 causa
580 3568 800 3638 verberationis,
823 3576 912 3627 testes
937 3568 988 3644 qui
1009 3565 1155 3628 affuerant
1178 3576 1210 3627 et

111 3653 295 3713 testabantur
306 3674 341 3713 ea
355 3676 420 3734 quae
434 3657 510 3714 sacta
523 3658 637 3717 fuerant
651 3660 681 3717 in
697 3661 798 3719 tabula
812 3661 938 3740 exlege,
952 3660 1043 3719 falsos
1059 3680 1126 3720 esse
1145 3671 1176 3721 et
1189 3678 1209 3721 a

111 3767 158 3806 me
179 3748 368 3807 subornatos:
390 3749 540 3808 mulierem
561 3771 629 3811 vero
651 3774 716 3831 quae
731 3753 863 3812 affuisset
883 3773 952 3813 vera
976 3753 1131 3827 dicturam,
1146 3774 1209 3814 non

111 3841 219 3902 tabella
230 3842 427 3912 testificando,
440 3846 493 3904 sed
503 3846 668 3907 firmissimo
681 3847 856 3919 testimonio,
868 3848 1029 3920 tormentis,
1044 3856 1110 3908 uter
1132 3849 1210 3927 prior

110 3955 163 4014 per
176 3935 310 4015 injuriam
328 3955 431 3994 manus
446 3936 529 3996 alteri
542 3938 699 4000 intulisset.
741 3941 855 4009 Quibus
867 3961 934 4000 vero
948 3951 1011 4000 tum
1025 3940 1121 4001 verbis
1134 3944 1209 4001 abu·

110 4028 201 4087 tendo
222 4036 253 4085 et
275 4036 365 4087 testes
390 4027 588 4106 producendo,
602 4032 722 4091 Judices
743 4034 868 4113 decepit,
883 4054 917 4093 ea
940 4053 1018 4093 nunc
1043 4034 1121 4093 falsa
1142 4054 1210 4095 esse

110 4120 374 4199 deprehenduntur.
417 4122 532 4200 Corpus
559 4123 636 4182 enirn
660 4125 786 4186 mulieris
811 4128 923 4187 tradere
945 4148 1005 4186 non
1029 4129 1131 4201 audet,
1154 4129 1208 4188 sed

110 4215 222 4274 mavult
234 4215 352 4274 fratrem
366 4225 396 4274 et
410 4215 526 4273 affinem
536 4215 603 4275 falsi
620 4219 776 4278 testimonii
785 4219 898 4298 judicio
913 4220 1084 4293 conflictari,
1095 4221 1209 4281 mavult

109 4306 238 4380 eosdem,
251 4306 333 4368 vobis
346 4306 552 4369 commentitiis
567 4310 661 4369 verbis
676 4322 707 4370 et
719 4312 971 4392 deprecationibus
986 4314 1010 4371 si
1024 4315 1143 4391 possint
1156 4315 1207 4373 de-

107 4399 209 4476 ceptis,
224 4401 347 4475 absolvi,
360 4422 447 4481 quam
468 4401 589 4461 muliere
603 4403 719 4476 tradita,
739 4405 781 4465 ita
794 4416 826 4465 ut
839 4425 955 4484 aequum
970 4415 1026 4478 est,
1037 4407 1118 4466 omni
1131 4408 1207 4486 peri·
