<?xml version="1.0" encoding="UTF-8"?>
<!DOCTYPE html PUBLIC "-//W3C//DTD XHTML 1.0 Transitional//EN"
    "http://www.w3.org/TR/xhtml1/DTD/xhtml1-transitional.dtd">
<html xmlns="http://www.w3.org/1999/xhtml" xml:lang="en" lang="en">
 <head>
  <title>
</title>
<meta http-equiv="Content-Type" content="text/html;charset=utf-8" />
  <meta name='ocr-system' content='tesseract 3.04.00' />
  <meta name='ocr-capabilities' content='ocr_page ocr_carea ocr_par ocr_line ocrx_word'/>
</head>
<body>
  <div class='ocr_page' id='page_1' title='image "./demosthenisetsc00amergoog_0107.png"; bbox 0 0 2662 4792; ppageno 0'>
   <div class='ocr_carea' id='block_1_1' title="bbox 138 230 919 367">
    <p class='ocr_par' dir='ltr' id='par_1_1' title="bbox 138 230 919 367">
     <span class='ocr_line' id='line_1_1' title="bbox 138 230 919 367; baseline -0.008 -25"><span class='ocrx_word' id='word_1_1' title='bbox 138 284 198 344; x_wconf 80' lang='lat' dir='ltr'><strong>sos</strong></span> <span class='ocrx_word' id='word_1_2' title='bbox 409 230 628 343; x_wconf 72' lang='lat' dir='ltr'><strong>novamus</strong></span> <span class='ocrx_word' id='word_1_3' title='bbox 648 250 919 367; x_wconf 70' lang='lat' dir='ltr'><strong>rusurrensi.</strong></span> 
     </span>
    </p>
   </div>
   <div class='ocr_carea' id='block_1_2' title="bbox 490 496 810 559">
    <p class='ocr_par' dir='ltr' id='par_1_2' title="bbox 490 496 810 559">
     <span class='ocr_line' id='line_1_2' title="bbox 490 496 810 559; baseline -0.003 -4"><span class='ocrx_word' id='word_1_4' title='bbox 490 516 495 555; x_wconf 80' lang='lat' dir='ltr'><strong>r</strong></span> <span class='ocrx_word' id='word_1_5' title='bbox 547 496 810 559; x_wconf 84' lang='lat' dir='ltr'><strong>DESCRIPTIO.</strong></span> 
     </span>
    </p>
   </div>
   <div class='ocr_carea' id='block_1_3' title="bbox 129 636 1229 1837">
    <p class='ocr_par' dir='ltr' id='par_1_3' title="bbox 129 636 1229 1837">
     <span class='ocr_line' id='line_1_3' title="bbox 175 636 1228 723; baseline -0.004 -20"><span class='ocrx_word' id='word_1_6' title='bbox 175 645 205 703; x_wconf 89' lang='lat'><strong>6.</strong></span> <span class='ocrx_word' id='word_1_7' title='bbox 226 642 292 708; x_wconf 82' lang='lat' dir='ltr'><strong>Quo</strong></span> <span class='ocrx_word' id='word_1_8' title='bbox 314 640 402 720; x_wconf 88' lang='lat' dir='ltr'><strong>igitur</strong></span> <span class='ocrx_word' id='word_1_9' title='bbox 425 641 483 701; x_wconf 85' lang='lat' dir='ltr'><strong>alio</strong></span> <span class='ocrx_word' id='word_1_10' title='bbox 504 651 591 723; x_wconf 85' lang='lat' dir='ltr'><strong>pacto</strong></span> <span class='ocrx_word' id='word_1_11' title='bbox 612 663 664 721; x_wconf 90' lang='lat' dir='ltr'><strong>per</strong></span> <span class='ocrx_word' id='word_1_12' title='bbox 684 642 756 703; x_wconf 90' lang='lat' dir='ltr'><strong>deos</strong></span> <span class='ocrx_word' id='word_1_13' title='bbox 775 652 806 703; x_wconf 90' lang='lat' dir='ltr'><strong>et</strong></span> <span class='ocrx_word' id='word_1_14' title='bbox 824 641 926 721; x_wconf 89' lang='lat' dir='ltr'><strong>genios</strong></span> <span class='ocrx_word' id='word_1_15' title='bbox 941 636 1158 701; x_wconf 88' lang='lat' dir='ltr'><strong>ostendendum</strong></span> <span class='ocrx_word' id='word_1_16' title='bbox 1173 647 1228 711; x_wconf 88' lang='lat' dir='ltr'><strong>est,</strong></span> 
     </span>
     <span class='ocr_line' id='line_1_4' title="bbox 133 732 1228 814; baseline -0.005 -17"><span class='ocrx_word' id='word_1_17' title='bbox 133 736 267 807; x_wconf 77' lang='lat' dir='ltr'><strong>ludices,</strong></span> <span class='ocrx_word' id='word_1_18' title='bbox 281 734 372 793; x_wconf 88' lang='lat' dir='ltr'><strong>teucri</strong></span> <span class='ocrx_word' id='word_1_19' title='bbox 384 732 577 814; x_wconf 86' lang='lat' dir='ltr'><strong>Phaeuippum</strong></span> <span class='ocrx_word' id='word_1_20' title='bbox 586 735 631 794; x_wconf 91' lang='lat' dir='ltr'><strong>his</strong></span> <span class='ocrx_word' id='word_1_21' title='bbox 646 755 711 814; x_wconf 86' lang='lat' dir='ltr'><strong>quae</strong></span> <span class='ocrx_word' id='word_1_22' title='bbox 723 736 802 796; x_wconf 89' lang='lat' dir='ltr'><strong>lecta</strong></span> <span class='ocrx_word' id='word_1_23' title='bbox 812 743 889 806; x_wconf 89' lang='lat' dir='ltr'><strong>suut,</strong></span> <span class='ocrx_word' id='word_1_24' title='bbox 900 752 989 812; x_wconf 92' lang='lat' dir='ltr'><strong>quam</strong></span> <span class='ocrx_word' id='word_1_25' title='bbox 1002 751 1060 811; x_wconf 92' lang='lat' dir='ltr'><strong>quo</strong></span> <span class='ocrx_word' id='word_1_26' title='bbox 1074 749 1132 811; x_wconf 83' lang='lat' dir='ltr'><strong>ego</strong></span> <span class='ocrx_word' id='word_1_27' title='bbox 1142 740 1228 811; x_wconf 85' lang='lat' dir='ltr'><strong>pacto</strong></span> 
     </span>
     <span class='ocr_line' id='line_1_5' title="bbox 134 826 1229 908; baseline -0.006 -19"><span class='ocrx_word' id='word_1_28' title='bbox 134 849 212 889; x_wconf 89' lang='lat' dir='ltr'><strong>nunc</strong></span> <span class='ocrx_word' id='word_1_29' title='bbox 228 826 371 888; x_wconf 71' lang='lat' dir='ltr'><strong>ostendo?</strong></span> <span class='ocrx_word' id='word_1_30' title='bbox 402 826 462 887; x_wconf 90' lang='lat' dir='ltr'><strong>Sed</strong></span> <span class='ocrx_word' id='word_1_31' title='bbox 476 838 573 887; x_wconf 89' lang='lat' dir='ltr'><strong>tamen</strong></span> <span class='ocrx_word' id='word_1_32' title='bbox 586 829 713 889; x_wconf 88' lang='lat' dir='ltr'><strong>vicissim</strong></span> <span class='ocrx_word' id='word_1_33' title='bbox 727 840 846 908; x_wconf 90' lang='lat' dir='ltr'><strong>questus</strong></span> <span class='ocrx_word' id='word_1_34' title='bbox 858 838 904 887; x_wconf 93' lang='lat' dir='ltr'><strong>est</strong></span> <span class='ocrx_word' id='word_1_35' title='bbox 917 826 1099 906; x_wconf 84' lang='lat' dir='ltr'><strong>Phaenippus</strong></span> <span class='ocrx_word' id='word_1_36' title='bbox 1112 843 1229 884; x_wconf 88' lang='lat' dir='ltr'><strong>menon</strong></span> 
     </span>
     <span class='ocr_line' id='line_1_6' title="bbox 133 916 1229 998; baseline -0.006 -16"><span class='ocrx_word' id='word_1_37' title='bbox 133 931 211 982; x_wconf 91' lang='lat' dir='ltr'><strong>recte</strong></span> <span class='ocrx_word' id='word_1_38' title='bbox 230 920 361 981; x_wconf 88' lang='lat' dir='ltr'><strong>indicare</strong></span> <span class='ocrx_word' id='word_1_39' title='bbox 381 940 441 980; x_wconf 91' lang='lat' dir='ltr'><strong>rem</strong></span> <span class='ocrx_word' id='word_1_40' title='bbox 461 921 747 982; x_wconf 88' lang='lat' dir='ltr'><strong>familiarem—adeo</strong></span> <span class='ocrx_word' id='word_1_41' title='bbox 760 921 844 981; x_wconf 88' lang='lat' dir='ltr'><strong>facile</strong></span> <span class='ocrx_word' id='word_1_42' title='bbox 858 920 907 980; x_wconf 88' lang='lat' dir='ltr'><strong>isti</strong></span> <span class='ocrx_word' id='word_1_43' title='bbox 921 919 999 998; x_wconf 90' lang='lat' dir='ltr'><strong>apud</strong></span> <span class='ocrx_word' id='word_1_44' title='bbox 1009 938 1062 979; x_wconf 81' lang='lat' dir='ltr'><strong>vos</strong></span> <span class='ocrx_word' id='word_1_45' title='bbox 1083 916 1229 977; x_wconf 92' lang='lat' dir='ltr'><strong>mentiun-</strong></span> 
     </span>
     <span class='ocr_line' id='line_1_7' title="bbox 132 1008 1229 1093; baseline -0.005 -20"><span class='ocrx_word' id='word_1_46' title='bbox 132 1024 231 1086; x_wconf 89' lang='lat' dir='ltr'><strong>tur-,</strong></span> <span class='ocrx_word' id='word_1_47' title='bbox 240 1022 270 1073; x_wconf 93' lang='lat' dir='ltr'><strong>et</strong></span> <span class='ocrx_word' id='word_1_48' title='bbox 280 1023 402 1073; x_wconf 89' lang='lat' dir='ltr'><strong>accusat</strong></span> <span class='ocrx_word' id='word_1_49' title='bbox 411 1013 627 1092; x_wconf 89' lang='lat' dir='ltr'><strong>jusjurandum,</strong></span> <span class='ocrx_word' id='word_1_50' title='bbox 641 1014 722 1093; x_wconf 93' lang='lat' dir='ltr'><strong>quod</strong></span> <span class='ocrx_word' id='word_1_51' title='bbox 736 1023 803 1074; x_wconf 87' lang='lat' dir='ltr'><strong>ante</strong></span> <span class='ocrx_word' id='word_1_52' title='bbox 815 1012 1040 1073; x_wconf 80' lang='lat' dir='ltr'><strong>declarationem</strong></span> <span class='ocrx_word' id='word_1_53' title='bbox 1055 1008 1134 1082; x_wconf 89' lang='lat' dir='ltr'><strong>dedi,</strong></span> <span class='ocrx_word' id='word_1_54' title='bbox 1148 1008 1229 1087; x_wconf 94' lang='lat' dir='ltr'><strong>quod</strong></span> 
     </span>
     <span class='ocr_line' id='line_1_8' title="bbox 133 1104 1229 1187; baseline -0.005 -21"><span class='ocrx_word' id='word_1_55' title='bbox 133 1108 261 1187; x_wconf 85' lang='lat' dir='ltr'><strong>exceptis</strong></span> <span class='ocrx_word' id='word_1_56' title='bbox 275 1106 309 1166; x_wconf 91' lang='lat' dir='ltr'><strong>iis</strong></span> <span class='ocrx_word' id='word_1_57' title='bbox 328 1126 395 1185; x_wconf 85' lang='lat' dir='ltr'><strong>quoe</strong></span> <span class='ocrx_word' id='word_1_58' title='bbox 409 1106 438 1164; x_wconf 91' lang='lat' dir='ltr'><strong>in</strong></span> <span class='ocrx_word' id='word_1_59' title='bbox 459 1106 566 1165; x_wconf 85' lang='lat' dir='ltr'>fodinis</span> <span class='ocrx_word' id='word_1_60' title='bbox 582 1108 718 1167; x_wconf 89' lang='lat' dir='ltr'><strong>haberem</strong></span> <span class='ocrx_word' id='word_1_61' title='bbox 731 1107 857 1186; x_wconf 90' lang='lat' dir='ltr'><strong>reliquas</strong></span> <span class='ocrx_word' id='word_1_62' title='bbox 871 1124 942 1184; x_wconf 89' lang='lat' dir='ltr'><strong>opes</strong></span> <span class='ocrx_word' id='word_1_63' title='bbox 956 1104 1152 1163; x_wconf 90' lang='lat' dir='ltr'><strong>indicaturum</strong></span> <span class='ocrx_word' id='word_1_64' title='bbox 1164 1120 1229 1161; x_wconf 87' lang='lat' dir='ltr'><strong>esse</strong></span> 
     </span>
     <span class='ocr_line' id='line_1_9' title="bbox 132 1192 1229 1280; baseline -0.004 -22"><span class='ocrx_word' id='word_1_65' title='bbox 132 1219 180 1259; x_wconf 90' lang='lat' dir='ltr'><strong>me</strong></span> <span class='ocrx_word' id='word_1_66' title='bbox 195 1220 259 1260; x_wconf 88' lang='lat' dir='ltr'><strong>sum</strong></span> <span class='ocrx_word' id='word_1_67' title='bbox 270 1198 427 1278; x_wconf 81' lang='lat' dir='ltr'><strong>pollicitus,</strong></span> <span class='ocrx_word' id='word_1_68' title='bbox 441 1198 525 1276; x_wconf 84' lang='lat' dir='ltr'><strong>quasi</strong></span> <span class='ocrx_word' id='word_1_69' title='bbox 539 1219 607 1259; x_wconf 91' lang='lat' dir='ltr'><strong>vero</strong></span> <span class='ocrx_word' id='word_1_70' title='bbox 622 1200 660 1258; x_wconf 90' lang='lat' dir='ltr'><strong>ad</strong></span> <span class='ocrx_word' id='word_1_71' title='bbox 673 1200 771 1279; x_wconf 91' lang='lat' dir='ltr'><strong>legum</strong></span> <span class='ocrx_word' id='word_1_72' title='bbox 781 1198 981 1280; x_wconf 81' lang='lat' dir='ltr'><strong>praescriptum</strong></span> <span class='ocrx_word' id='word_1_73' title='bbox 992 1196 1104 1276; x_wconf 88' lang='lat' dir='ltr'><strong>jurare,</strong></span> <span class='ocrx_word' id='word_1_74' title='bbox 1117 1192 1149 1253; x_wconf 90' lang='lat' dir='ltr'><strong>id</strong></span> <span class='ocrx_word' id='word_1_75' title='bbox 1162 1212 1229 1255; x_wconf 82' lang='lat' dir='ltr'><strong>veru</strong></span> 
     </span>
     <span class='ocr_line' id='line_1_10' title="bbox 132 1286 1229 1368; baseline -0.003 -18"><span class='ocrx_word' id='word_1_76' title='bbox 132 1290 171 1350; x_wconf 90' lang='lat' dir='ltr'><strong>sit</strong></span> <span class='ocrx_word' id='word_1_77' title='bbox 192 1289 379 1350; x_wconf 84' lang='lat' dir='ltr'>accusatione</span> <span class='ocrx_word' id='word_1_78' title='bbox 397 1289 530 1368; x_wconf 88' lang='lat' dir='ltr'><strong>dignum.</strong></span> <span class='ocrx_word' id='word_1_79' title='bbox 572 1291 634 1350; x_wconf 89' lang='lat' dir='ltr'><strong>Vos</strong></span> <span class='ocrx_word' id='word_1_80' title='bbox 654 1302 752 1351; x_wconf 88' lang='lat' dir='ltr'><strong>autem</strong></span> <span class='ocrx_word' id='word_1_81' title='bbox 771 1293 871 1364; x_wconf 87' lang='lat' dir='ltr'><strong>nostis,</strong></span> <span class='ocrx_word' id='word_1_82' title='bbox 896 1290 1127 1360; x_wconf 64' lang='lat' dir='ltr'><strong>iudicem-vos</strong></span> <span class='ocrx_word' id='word_1_83' title='bbox 1152 1286 1229 1347; x_wconf 88' lang='lat' dir='ltr'><strong>enim</strong></span> 
     </span>
     <span class='ocr_line' id='line_1_11' title="bbox 130 1383 1228 1464; baseline -0.003 -22"><span class='ocrx_word' id='word_1_84' title='bbox 130 1383 291 1457; x_wconf 85' lang='lat' dir='ltr'><strong>tulistis-,</strong></span> <span class='ocrx_word' id='word_1_85' title='bbox 300 1383 407 1463; x_wconf 88' lang='lat' dir='ltr'><strong>legem,</strong></span> <span class='ocrx_word' id='word_1_86' title='bbox 421 1402 487 1461; x_wconf 85' lang='lat' dir='ltr'><strong>quoe</strong></span> <span class='ocrx_word' id='word_1_87' title='bbox 499 1403 617 1463; x_wconf 84' lang='lat' dir='ltr'><strong>prorsus</strong></span> <span class='ocrx_word' id='word_1_88' title='bbox 640 1384 681 1445; x_wconf 89' lang='lat' dir='ltr'><strong>ita</strong></span> <span class='ocrx_word' id='word_1_89' title='bbox 698 1384 835 1464; x_wconf 90' lang='lat' dir='ltr'><strong>loquitur,</strong></span> <span class='ocrx_word' id='word_1_90' title='bbox 849 1403 900 1444; x_wconf 89' lang='lat' dir='ltr'><strong>eos</strong></span> <span class='ocrx_word' id='word_1_91' title='bbox 913 1383 963 1463; x_wconf 93' lang='lat' dir='ltr'><strong>qui</strong></span> <span class='ocrx_word' id='word_1_92' title='bbox 976 1383 1051 1442; x_wconf 86' lang='lat' dir='ltr'><strong>inter</strong></span> <span class='ocrx_word' id='word_1_93' title='bbox 1064 1401 1097 1440; x_wconf 90' lang='lat' dir='ltr'><strong>se</strong></span> <span class='ocrx_word' id='word_1_94' title='bbox 1110 1400 1228 1460; x_wconf 90' lang='lat' dir='ltr'><strong>permu-</strong></span> 
     </span>
     <span class='ocr_line' id='line_1_12' title="bbox 131 1472 1229 1559; baseline -0.002 -22"><span class='ocrx_word' id='word_1_95' title='bbox 131 1487 206 1551; x_wconf 84' lang='lat' dir='ltr'>tent,</span> <span class='ocrx_word' id='word_1_96' title='bbox 220 1498 287 1539; x_wconf 91' lang='lat' dir='ltr'><strong>cum</strong></span> <span class='ocrx_word' id='word_1_97' title='bbox 307 1478 376 1537; x_wconf 89' lang='lat' dir='ltr'><strong>dato</strong></span> <span class='ocrx_word' id='word_1_98' title='bbox 391 1472 584 1556; x_wconf 86' lang='lat' dir='ltr'><strong>jurejurando</strong></span> <span class='ocrx_word' id='word_1_99' title='bbox 605 1500 673 1539; x_wconf 88' lang='lat' dir='ltr'><strong>suas</strong></span> <span class='ocrx_word' id='word_1_100' title='bbox 692 1499 762 1559; x_wconf 87' lang='lat' dir='ltr'><strong>opes</strong></span> <span class='ocrx_word' id='word_1_101' title='bbox 783 1478 945 1551; x_wconf 84' lang='lat' dir='ltr'><strong>indicarint,</strong></span> <span class='ocrx_word' id='word_1_102' title='bbox 961 1478 1049 1538; x_wconf 89' lang='lat' dir='ltr'><strong>etiam</strong></span> <span class='ocrx_word' id='word_1_103' title='bbox 1062 1476 1122 1536; x_wconf 90' lang='lat' dir='ltr'><strong>hoc</strong></span> <span class='ocrx_word' id='word_1_104' title='bbox 1130 1476 1229 1557; x_wconf 87' lang='lat' dir='ltr'><strong>jurare</strong></span> 
     </span>
     <span class='ocr_line' id='line_1_13' title="bbox 131 1568 1228 1651; baseline -0.002 -20"><span class='ocrx_word' id='word_1_105' title='bbox 131 1570 248 1644; x_wconf 81' lang='lat' dir='ltr'><strong>dehere,</strong></span> <span class='ocrx_word' id='word_1_106' title='bbox 271 1569 423 1630; x_wconf 89' lang='lat' dir='ltr'><strong>declaro</strong></span> <span class='ocrx_word' id='word_1_107' title='bbox 456 1572 548 1651; x_wconf 79' lang='lat' dir='ltr'><strong>opes</strong></span> <span class='ocrx_word' id='word_1_108' title='bbox 575 1591 673 1631; x_wconf 88' lang='lat' dir='ltr'><strong>meas</strong></span> <span class='ocrx_word' id='word_1_109' title='bbox 701 1582 810 1632; x_wconf 87' lang='lat' dir='ltr'><strong>recte</strong></span> <span class='ocrx_word' id='word_1_110' title='bbox 836 1581 872 1632; x_wconf 89' lang='lat' dir='ltr'><strong>et</strong></span> <span class='ocrx_word' id='word_1_111' title='bbox 893 1572 1016 1651; x_wconf 89' lang='lat' dir='ltr'><strong>juste,</strong></span> <span class='ocrx_word' id='word_1_112' title='bbox 1041 1568 1090 1629; x_wconf 93' lang='lat' dir='ltr'><strong>iis</strong></span> <span class='ocrx_word' id='word_1_113' title='bbox 1124 1588 1228 1630; x_wconf 84' lang='lat' dir='ltr'><strong>exce·</strong></span> 
     </span>
     <span class='ocr_line' id='line_1_14' title="bbox 129 1660 1227 1744; baseline 0 -21"><span class='ocrx_word' id='word_1_114' title='bbox 129 1664 211 1742; x_wconf 89' lang='lat' dir='ltr'><strong>ptis</strong></span> <span class='ocrx_word' id='word_1_115' title='bbox 239 1683 320 1743; x_wconf 77' lang='lat' dir='ltr'><strong>quse</strong></span> <span class='ocrx_word' id='word_1_116' title='bbox 353 1662 388 1721; x_wconf 94' lang='lat' dir='ltr'><strong>in</strong></span> <span class='ocrx_word' id='word_1_117' title='bbox 417 1663 727 1743; x_wconf 88' lang='lat' dir='ltr'><strong>argentifodinis</strong></span> <span class='ocrx_word' id='word_1_118' title='bbox 762 1675 865 1739; x_wconf 92' lang='lat' dir='ltr'><strong>sunt,</strong></span> <span class='ocrx_word' id='word_1_119' title='bbox 888 1684 961 1744; x_wconf 88' lang='lat' dir='ltr'><strong>quas</strong></span> <span class='ocrx_word' id='word_1_120' title='bbox 980 1664 1064 1742; x_wconf 86' lang='lat' dir='ltr'><strong>leges</strong></span> <span class='ocrx_word' id='word_1_121' title='bbox 1085 1660 1227 1723; x_wconf 82' lang='lat' dir='ltr'><strong>immunes</strong></span> 
     </span>
     <span class='ocr_line' id='line_1_15' title="bbox 129 1753 825 1837; baseline 0.003 -23"><span class='ocrx_word' id='word_1_122' title='bbox 129 1756 272 1816; x_wconf 86' lang='lat' dir='ltr'><strong>fecerunt.</strong></span> <span class='ocrx_word' id='word_1_123' title='bbox 314 1753 374 1815; x_wconf 90' lang='lat' dir='ltr'><strong>Sed</strong></span> <span class='ocrx_word' id='word_1_124' title='bbox 388 1755 484 1835; x_wconf 85' lang='lat' dir='ltr'><strong>legem</strong></span> <span class='ocrx_word' id='word_1_125' title='bbox 496 1757 592 1836; x_wconf 92' lang='lat' dir='ltr'><strong>potius</strong></span> <span class='ocrx_word' id='word_1_126' title='bbox 611 1757 705 1837; x_wconf 87' lang='lat' dir='ltr'><strong>ipsam</strong></span> <span class='ocrx_word' id='word_1_127' title='bbox 724 1759 825 1819; x_wconf 88' lang='lat' dir='ltr'><strong>recita.</strong></span> 
     </span>
    </p>
   </div>
   <div class='ocr_carea' id='block_1_4' title="bbox 635 1952 729 2011">
    <p class='ocr_par' dir='ltr' id='par_1_4' title="bbox 635 1952 729 2011">
     <span class='ocr_line' id='line_1_16' title="bbox 635 1952 729 2011; baseline -0.021 0"><span class='ocrx_word' id='word_1_128' title='bbox 635 1952 729 2011; x_wconf 89' lang='lat' dir='ltr'><strong>LEX.</strong></span> 
     </span>
    </p>
   </div>
   <div class='ocr_carea' id='block_1_5' title="bbox 107 2116 1229 4521">
    <p class='ocr_par' dir='ltr' id='par_1_5' title="bbox 107 2116 1229 4521">
     <span class='ocr_line' id='line_1_17' title="bbox 168 2116 1228 2199; baseline 0.002 -24"><span class='ocrx_word' id='word_1_129' title='bbox 168 2119 199 2177; x_wconf 85' lang='lat'><strong>7.</strong></span> <span class='ocrx_word' id='word_1_130' title='bbox 213 2118 322 2177; x_wconf 91' lang='lat' dir='ltr'><strong>Verum</strong></span> <span class='ocrx_word' id='word_1_131' title='bbox 335 2117 490 2198; x_wconf 90' lang='lat' dir='ltr'><strong>paululum</strong></span> <span class='ocrx_word' id='word_1_132' title='bbox 504 2138 606 2197; x_wconf 81' lang='lat' dir='ltr'><strong>quoeso</strong></span> <span class='ocrx_word' id='word_1_133' title='bbox 620 2117 713 2179; x_wconf 85' lang='lat' dir='ltr'><strong>differ.</strong></span> <span class='ocrx_word' id='word_1_134' title='bbox 736 2117 801 2198; x_wconf 86' lang='lat' dir='ltr'><strong>Ego</strong></span> <span class='ocrx_word' id='word_1_135' title='bbox 815 2127 845 2177; x_wconf 91' lang='lat' dir='ltr'><strong>et</strong></span> <span class='ocrx_word' id='word_1_136' title='bbox 857 2118 937 2197; x_wconf 89' lang='lat' dir='ltr'><strong>prius</strong></span> <span class='ocrx_word' id='word_1_137' title='bbox 951 2117 1043 2177; x_wconf 91' lang='lat' dir='ltr'><strong>obtuli</strong></span> <span class='ocrx_word' id='word_1_138' title='bbox 1054 2116 1228 2199; x_wconf 86' lang='lat' dir='ltr'><strong>Phrenippo‚</strong></span> 
     </span>
     <span class='ocr_line' id='line_1_18' title="bbox 128 2210 1229 2289; baseline -0.001 -17"><span class='ocrx_word' id='word_1_139' title='bbox 128 2220 160 2272; x_wconf 89' lang='lat' dir='ltr'><strong>et</strong></span> <span class='ocrx_word' id='word_1_140' title='bbox 172 2230 262 2285; x_wconf 89' lang='lat' dir='ltr'><strong>nunc,</strong></span> <span class='ocrx_word' id='word_1_141' title='bbox 275 2211 409 2284; x_wconf 89' lang='lat' dir='ltr'><strong>Judices,</strong></span> <span class='ocrx_word' id='word_1_142' title='bbox 423 2212 450 2272; x_wconf 92' lang='lat' dir='ltr'><strong>ei</strong></span> <span class='ocrx_word' id='word_1_143' title='bbox 464 2211 544 2272; x_wconf 92' lang='lat' dir='ltr'><strong>dono</strong></span> <span class='ocrx_word' id='word_1_144' title='bbox 558 2212 607 2286; x_wconf 92' lang='lat' dir='ltr'><strong>do,</strong></span> <span class='ocrx_word' id='word_1_145' title='bbox 623 2222 654 2272; x_wconf 89' lang='lat' dir='ltr'><strong>et</strong></span> <span class='ocrx_word' id='word_1_146' title='bbox 666 2212 742 2272; x_wconf 92' lang='lat' dir='ltr'><strong>cedo</strong></span> <span class='ocrx_word' id='word_1_147' title='bbox 755 2231 823 2272; x_wconf 87' lang='lat' dir='ltr'><strong>curn</strong></span> <span class='ocrx_word' id='word_1_148' title='bbox 838 2210 956 2289; x_wconf 89' lang='lat' dir='ltr'><strong>reliquis</strong></span> <span class='ocrx_word' id='word_1_149' title='bbox 971 2211 1066 2284; x_wconf 84' lang='lat' dir='ltr'><strong>bonis,</strong></span> <span class='ocrx_word' id='word_1_150' title='bbox 1080 2210 1169 2271; x_wconf 88' lang='lat' dir='ltr'><strong>etism</strong></span> <span class='ocrx_word' id='word_1_151' title='bbox 1183 2230 1229 2271; x_wconf 86' lang='lat' dir='ltr'><strong>ar-</strong></span> 
     </span>
     <span class='ocr_line' id='line_1_19' title="bbox 127 2303 1227 2385; baseline -0.003 -20"><span class='ocrx_word' id='word_1_152' title='bbox 127 2303 327 2385; x_wconf 84' lang='lat' dir='ltr'><strong>gentifodinis‚</strong></span> <span class='ocrx_word' id='word_1_153' title='bbox 342 2305 367 2365; x_wconf 89' lang='lat' dir='ltr'><strong>si</strong></span> <span class='ocrx_word' id='word_1_154' title='bbox 380 2303 449 2363; x_wconf 92' lang='lat' dir='ltr'><strong>mihi</strong></span> <span class='ocrx_word' id='word_1_155' title='bbox 464 2303 560 2364; x_wconf 88' lang='lat' dir='ltr'><strong>solum</strong></span> <span class='ocrx_word' id='word_1_156' title='bbox 574 2304 697 2364; x_wconf 83' lang='lat' dir='ltr'><strong>fundum</strong></span> <span class='ocrx_word' id='word_1_157' title='bbox 715 2305 840 2365; x_wconf 89' lang='lat' dir='ltr'><strong>liberum</strong></span> <span class='ocrx_word' id='word_1_158' title='bbox 853 2303 1015 2375; x_wconf 86' lang='lat' dir='ltr'><strong>tradiderit,</strong></span> <span class='ocrx_word' id='word_1_159' title='bbox 1029 2314 1064 2364; x_wconf 93' lang='lat' dir='ltr'><strong>ut</strong></span> <span class='ocrx_word' id='word_1_160' title='bbox 1078 2303 1145 2375; x_wconf 85' lang='lat' dir='ltr'><strong>fuit,</strong></span> <span class='ocrx_word' id='word_1_161' title='bbox 1160 2322 1227 2365; x_wconf 88' lang='lat' dir='ltr'><strong>curn</strong></span> 
     </span>
     <span class='ocr_line' id='line_1_20' title="bbox 125 2394 1227 2477; baseline -0.002 -19"><span class='ocrx_word' id='word_1_162' title='bbox 125 2417 182 2477; x_wconf 85' lang='lat' dir='ltr'><strong>ego</strong></span> <span class='ocrx_word' id='word_1_163' title='bbox 196 2397 320 2477; x_wconf 88' lang='lat' dir='ltr'><strong>primum</strong></span> <span class='ocrx_word' id='word_1_164' title='bbox 341 2397 372 2455; x_wconf 92' lang='lat' dir='ltr'><strong>iu</strong></span> <span class='ocrx_word' id='word_1_165' title='bbox 391 2416 459 2457; x_wconf 90' lang='lat' dir='ltr'><strong>eum</strong></span> <span class='ocrx_word' id='word_1_166' title='bbox 472 2397 539 2456; x_wconf 80' lang='lat' dir='ltr'><strong>reni</strong></span> <span class='ocrx_word' id='word_1_167' title='bbox 553 2397 678 2457; x_wconf 89' lang='lat' dir='ltr'><strong>testibus</strong></span> <span class='ocrx_word' id='word_1_168' title='bbox 691 2397 838 2470; x_wconf 86' lang='lat' dir='ltr'><strong>adhibitis,</strong></span> <span class='ocrx_word' id='word_1_169' title='bbox 853 2406 892 2467; x_wconf 92' lang='lat' dir='ltr'><strong>et,</strong></span> <span class='ocrx_word' id='word_1_170' title='bbox 906 2394 1101 2475; x_wconf 74' lang='lat' dir='ltr'><strong>quantum&#39;ex</strong></span> <span class='ocrx_word' id='word_1_171' title='bbox 1114 2395 1227 2456; x_wconf 69' lang='lat' dir='ltr'><strong>aedibus</strong></span> 
     </span>
     <span class='ocr_line' id='line_1_21' title="bbox 125 2488 1227 2568; baseline -0.001 -20"><span class='ocrx_word' id='word_1_172' title='bbox 125 2489 263 2549; x_wconf 81' lang='lat' dir='ltr'><strong>frumenti</strong></span> <span class='ocrx_word' id='word_1_173' title='bbox 277 2488 380 2549; x_wconf 86' lang='lat' dir='ltr'><strong>etvini</strong></span> <span class='ocrx_word' id='word_1_174' title='bbox 394 2488 502 2558; x_wconf 85' lang='lat' dir='ltr'><strong>evexit,</strong></span> <span class='ocrx_word' id='word_1_175' title='bbox 517 2498 548 2548; x_wconf 87' lang='lat' dir='ltr'><strong>et</strong></span> <span class='ocrx_word' id='word_1_176' title='bbox 563 2502 672 2549; x_wconf 86' lang='lat' dir='ltr'><strong>caetera</strong></span> <span class='ocrx_word' id='word_1_177' title='bbox 685 2509 751 2568; x_wconf 85' lang='lat' dir='ltr'><strong>quoe</strong></span> <span class='ocrx_word' id='word_1_178' title='bbox 765 2488 890 2548; x_wconf 91' lang='lat' dir='ltr'><strong>sublatis</strong></span> <span class='ocrx_word' id='word_1_179' title='bbox 912 2488 1031 2568; x_wconf 77' lang='lat' dir='ltr'><strong>signiae</strong></span> <span class='ocrx_word' id='word_1_180' title='bbox 1045 2488 1157 2549; x_wconf 86' lang='lat' dir='ltr'><strong>foribus</strong></span> <span class='ocrx_word' id='word_1_181' title='bbox 1175 2488 1227 2548; x_wconf 87' lang='lat' dir='ltr'><strong>ab·</strong></span> 
     </span>
     <span class='ocr_line' id='line_1_22' title="bbox 127 2580 1227 2658; baseline 0.002 -19"><span class='ocrx_word' id='word_1_182' title='bbox 127 2580 219 2654; x_wconf 91' lang='lat' dir='ltr'><strong>stulit‚</strong></span> <span class='ocrx_word' id='word_1_183' title='bbox 234 2582 313 2641; x_wconf 88' lang='lat' dir='ltr'><strong>eain</strong></span> <span class='ocrx_word' id='word_1_184' title='bbox 331 2581 456 2641; x_wconf 91' lang='lat' dir='ltr'><strong>eundern</strong></span> <span class='ocrx_word' id='word_1_185' title='bbox 476 2581 574 2640; x_wconf 91' lang='lat' dir='ltr'><strong>locum</strong></span> <span class='ocrx_word' id='word_1_186' title='bbox 592 2581 760 2641; x_wconf 89' lang='lat' dir='ltr'><strong>restituerit.</strong></span> <span class='ocrx_word' id='word_1_187' title='bbox 803 2581 842 2640; x_wconf 91' lang='lat' dir='ltr'><strong>Et</strong></span> <span class='ocrx_word' id='word_1_188' title='bbox 856 2581 928 2658; x_wconf 93' lang='lat' dir='ltr'><strong>quid</strong></span> <span class='ocrx_word' id='word_1_189' title='bbox 945 2581 1042 2641; x_wconf 86' lang='lat' dir='ltr'><strong>dicere</strong></span> <span class='ocrx_word' id='word_1_190' title='bbox 1057 2590 1088 2640; x_wconf 91' lang='lat' dir='ltr'><strong>et</strong></span> <span class='ocrx_word' id='word_1_191' title='bbox 1101 2581 1227 2641; x_wconf 88' lang='lat' dir='ltr'><strong>clamare</strong></span> 
     </span>
     <span class='ocr_line' id='line_1_23' title="bbox 125 2672 1226 2754; baseline 0 -22"><span class='ocrx_word' id='word_1_192' title='bbox 125 2673 246 2753; x_wconf 78' lang='lat' dir='ltr'><strong>pergis?</strong></span> <span class='ocrx_word' id='word_1_193' title='bbox 274 2674 371 2733; x_wconf 90' lang='lat' dir='ltr'><strong>Multa</strong></span> <span class='ocrx_word' id='word_1_194' title='bbox 387 2693 443 2752; x_wconf 88' lang='lat' dir='ltr'><strong>ego</strong></span> <span class='ocrx_word' id='word_1_195' title='bbox 456 2674 536 2754; x_wconf 90' lang='lat' dir='ltr'><strong>prius</strong></span> <span class='ocrx_word' id='word_1_196' title='bbox 551 2693 588 2732; x_wconf 86' lang='lat' dir='ltr'><strong>ex</strong></span> <span class='ocrx_word' id='word_1_197' title='bbox 603 2673 836 2751; x_wconf 87' lang='lat' dir='ltr'><strong>argentifodinis,</strong></span> <span class='ocrx_word' id='word_1_198' title='bbox 849 2672 1019 2753; x_wconf 86' lang='lat' dir='ltr'><strong>Phoenippe,</strong></span> <span class='ocrx_word' id='word_1_199' title='bbox 1032 2683 1151 2754; x_wconf 85' lang='lat' dir='ltr'><strong>meopte</strong></span> <span class='ocrx_word' id='word_1_200' title='bbox 1164 2692 1226 2732; x_wconf 92' lang='lat' dir='ltr'><strong>cor·</strong></span> 
     </span>
     <span class='ocr_line' id='line_1_24' title="bbox 124 2765 1227 2846; baseline 0 -21"><span class='ocrx_word' id='word_1_201' title='bbox 124 2785 196 2845; x_wconf 88' lang='lat' dir='ltr'><strong>pore</strong></span> <span class='ocrx_word' id='word_1_202' title='bbox 215 2766 351 2826; x_wconf 92' lang='lat' dir='ltr'><strong>laborans</strong></span> <span class='ocrx_word' id='word_1_203' title='bbox 366 2777 396 2826; x_wconf 91' lang='lat' dir='ltr'><strong>et</strong></span> <span class='ocrx_word' id='word_1_204' title='bbox 410 2766 579 2845; x_wconf 85' lang='lat' dir='ltr'><strong>quaeritans,</strong></span> <span class='ocrx_word' id='word_1_205' title='bbox 596 2765 711 2845; x_wconf 85' lang='lat' dir='ltr'><strong>collegi,</strong></span> <span class='ocrx_word' id='word_1_206' title='bbox 726 2765 837 2826; x_wconf 84' lang='lat' dir='ltr'><strong>fateor:</strong></span> <span class='ocrx_word' id='word_1_207' title='bbox 859 2786 938 2826; x_wconf 92' lang='lat' dir='ltr'><strong>nunc</strong></span> <span class='ocrx_word' id='word_1_208' title='bbox 960 2785 1039 2838; x_wconf 87' lang='lat' dir='ltr'><strong>vero,</strong></span> <span class='ocrx_word' id='word_1_209' title='bbox 1052 2765 1156 2846; x_wconf 88' lang='lat' dir='ltr'><strong>paucis</strong></span> <span class='ocrx_word' id='word_1_210' title='bbox 1178 2785 1227 2825; x_wconf 87' lang='lat' dir='ltr'><strong>ex·</strong></span> 
     </span>
     <span class='ocr_line' id='line_1_25' title="bbox 125 2859 1225 2940; baseline 0.002 -23"><span class='ocrx_word' id='word_1_211' title='bbox 125 2859 228 2938; x_wconf 84' lang='lat' dir='ltr'><strong>ceptis,</strong></span> <span class='ocrx_word' id='word_1_212' title='bbox 249 2861 347 2920; x_wconf 89' lang='lat' dir='ltr'><strong>omnia</strong></span> <span class='ocrx_word' id='word_1_213' title='bbox 366 2860 491 2940; x_wconf 89' lang='lat' dir='ltr'><strong>perdidi.</strong></span> <span class='ocrx_word' id='word_1_214' title='bbox 534 2861 578 2918; x_wconf 89' lang='lat' dir='ltr'><strong>Tu</strong></span> <span class='ocrx_word' id='word_1_215' title='bbox 599 2880 677 2932; x_wconf 88' lang='lat' dir='ltr'><strong>vero,</strong></span> <span class='ocrx_word' id='word_1_216' title='bbox 702 2880 717 2919; x_wconf 97' lang='lat' dir='ltr'><strong>e</strong></span> <span class='ocrx_word' id='word_1_217' title='bbox 742 2860 835 2919; x_wconf 88' lang='lat' dir='ltr'><strong>fundo</strong></span> <span class='ocrx_word' id='word_1_218' title='bbox 856 2869 908 2920; x_wconf 92' lang='lat' dir='ltr'><strong>tuo</strong></span> <span class='ocrx_word' id='word_1_219' title='bbox 928 2860 1059 2921; x_wconf 86' lang='lat' dir='ltr'><strong>vendens</strong></span> <span class='ocrx_word' id='word_1_220' title='bbox 1080 2860 1225 2920; x_wconf 88' lang='lat' dir='ltr'><strong>hordeum</strong></span> 
     </span>
     <span class='ocr_line' id='line_1_26' title="bbox 124 2951 1224 3026; baseline 0.002 -15"><span class='ocrx_word' id='word_1_221' title='bbox 124 2953 287 3014; x_wconf 88' lang='lat' dir='ltr'><strong>octodecim</strong></span> <span class='ocrx_word' id='word_1_222' title='bbox 300 2953 445 3013; x_wconf 90' lang='lat' dir='ltr'><strong>drachmis</strong></span> <span class='ocrx_word' id='word_1_223' title='bbox 460 2963 491 3013; x_wconf 91' lang='lat' dir='ltr'><strong>et</strong></span> <span class='ocrx_word' id='word_1_224' title='bbox 504 2954 602 3013; x_wconf 90' lang='lat' dir='ltr'><strong>vinum</strong></span> <span class='ocrx_word' id='word_1_225' title='bbox 614 2952 771 3013; x_wconf 90' lang='lat' dir='ltr'><strong>duodecim</strong></span> <span class='ocrx_word' id='word_1_226' title='bbox 782 2954 940 3026; x_wconf 87' lang='lat' dir='ltr'><strong>drachmis,</strong></span> <span class='ocrx_word' id='word_1_227' title='bbox 953 2974 1013 3012; x_wconf 90' lang='lat' dir='ltr'><strong>non</strong></span> <span class='ocrx_word' id='word_1_228' title='bbox 1033 2954 1071 3012; x_wconf 89' lang='lat' dir='ltr'><strong>ab</strong></span> <span class='ocrx_word' id='word_1_229' title='bbox 1087 2972 1118 3012; x_wconf 91' lang='lat' dir='ltr'><strong>re</strong></span> <span class='ocrx_word' id='word_1_230' title='bbox 1142 2951 1224 3013; x_wconf 86' lang='lat' dir='ltr'><strong>dives</strong></span> 
     </span>
     <span class='ocr_line' id='line_1_27' title="bbox 123 3046 1223 3126; baseline 0 -20"><span class='ocrx_word' id='word_1_231' title='bbox 123 3066 166 3118; x_wconf 91' lang='lat' dir='ltr'><strong>es,</strong></span> <span class='ocrx_word' id='word_1_232' title='bbox 181 3047 206 3106; x_wconf 93' lang='lat' dir='ltr'><strong>si</strong></span> <span class='ocrx_word' id='word_1_233' title='bbox 219 3048 357 3107; x_wconf 86' lang='lat' dir='ltr'><strong>frumenti</strong></span> <span class='ocrx_word' id='word_1_234' title='bbox 377 3048 540 3107; x_wconf 88' lang='lat' dir='ltr'><strong>medimnos</strong></span> <span class='ocrx_word' id='word_1_235' title='bbox 560 3047 663 3107; x_wconf 88' lang='lat' dir='ltr'><strong>seceris</strong></span> <span class='ocrx_word' id='word_1_236' title='bbox 682 3046 805 3126; x_wconf 87' lang='lat' dir='ltr'><strong>amplius</strong></span> <span class='ocrx_word' id='word_1_237' title='bbox 824 3047 912 3119; x_wconf 91' lang='lat' dir='ltr'><strong>mille,</strong></span> <span class='ocrx_word' id='word_1_238' title='bbox 935 3047 992 3106; x_wconf 89' lang='lat' dir='ltr'><strong>vini</strong></span> <span class='ocrx_word' id='word_1_239' title='bbox 1011 3055 1150 3106; x_wconf 87' lang='lat' dir='ltr'><strong>metretas</strong></span> <span class='ocrx_word' id='word_1_240' title='bbox 1164 3066 1223 3106; x_wconf 90' lang='lat' dir='ltr'><strong>am·</strong></span> 
     </span>
     <span class='ocr_line' id='line_1_28' title="bbox 123 3139 1223 3220; baseline 0.002 -23"><span class='ocrx_word' id='word_1_241' title='bbox 123 3139 200 3218; x_wconf 88' lang='lat' dir='ltr'><strong>plius</strong></span> <span class='ocrx_word' id='word_1_242' title='bbox 225 3142 419 3219; x_wconf 85' lang='lat' dir='ltr'><strong>octingentas.</strong></span> <span class='ocrx_word' id='word_1_243' title='bbox 462 3141 605 3220; x_wconf 93' lang='lat' dir='ltr'><strong>Nunquid</strong></span> <span class='ocrx_word' id='word_1_244' title='bbox 629 3140 716 3220; x_wconf 89' lang='lat' dir='ltr'><strong>igitur</strong></span> <span class='ocrx_word' id='word_1_245' title='bbox 743 3141 871 3200; x_wconf 90' lang='lat' dir='ltr'><strong>eundem</strong></span> <span class='ocrx_word' id='word_1_246' title='bbox 895 3161 949 3200; x_wconf 93' lang='lat' dir='ltr'><strong>nos</strong></span> <span class='ocrx_word' id='word_1_247' title='bbox 973 3140 1104 3199; x_wconf 89' lang='lat' dir='ltr'><strong>ordinem</strong></span> <span class='ocrx_word' id='word_1_248' title='bbox 1125 3149 1223 3199; x_wconf 87' lang='lat' dir='ltr'><strong>tenere</strong></span> 
     </span>
     <span class='ocr_line' id='line_1_29' title="bbox 125 3231 1222 3313; baseline 0.002 -24"><span class='ocrx_word' id='word_1_249' title='bbox 125 3231 219 3304; x_wconf 88' lang='lat' dir='ltr'><strong>decet,</strong></span> <span class='ocrx_word' id='word_1_250' title='bbox 233 3255 300 3293; x_wconf 88' lang='lat' dir='ltr'><strong>cum</strong></span> <span class='ocrx_word' id='word_1_251' title='bbox 323 3254 401 3292; x_wconf 91' lang='lat' dir='ltr'><strong>nunc</strong></span> <span class='ocrx_word' id='word_1_252' title='bbox 422 3235 479 3292; x_wconf 83' lang='lat' dir='ltr'><strong>alia</strong></span> <span class='ocrx_word' id='word_1_253' title='bbox 493 3234 522 3291; x_wconf 92' lang='lat' dir='ltr'><strong>in</strong></span> <span class='ocrx_word' id='word_1_254' title='bbox 538 3235 657 3293; x_wconf 83' lang='lat' dir='ltr'><strong>fortuna</strong></span> <span class='ocrx_word' id='word_1_255' title='bbox 678 3234 769 3294; x_wconf 89' lang='lat' dir='ltr'><strong>simus</strong></span> <span class='ocrx_word' id='word_1_256' title='bbox 783 3253 869 3313; x_wconf 91' lang='lat' dir='ltr'><strong>quam</strong></span> <span class='ocrx_word' id='word_1_257' title='bbox 887 3232 996 3293; x_wconf 73' lang='lat' dir='ltr'><strong>antea?</strong></span> <span class='ocrx_word' id='word_1_258' title='bbox 1018 3232 1222 3312; x_wconf 87' lang='lat' dir='ltr'><strong>Nequaquam,</strong></span> 
     </span>
     <span class='ocr_line' id='line_1_30' title="bbox 123 3326 1222 3406; baseline 0.004 -26"><span class='ocrx_word' id='word_1_259' title='bbox 123 3343 180 3382; x_wconf 92' lang='lat' dir='ltr'><strong>non</strong></span> <span class='ocrx_word' id='word_1_260' title='bbox 196 3327 270 3384; x_wconf 92' lang='lat' dir='ltr'><strong>enim</strong></span> <span class='ocrx_word' id='word_1_261' title='bbox 279 3328 392 3406; x_wconf 92' lang='lat' dir='ltr'><strong>justum</strong></span> <span class='ocrx_word' id='word_1_262' title='bbox 410 3326 508 3385; x_wconf 86' lang='lat' dir='ltr'><strong>fuerit.</strong></span> <span class='ocrx_word' id='word_1_263' title='bbox 552 3327 685 3385; x_wconf 85' lang='lat' dir='ltr'><strong>Succcde</strong></span> <span class='ocrx_word' id='word_1_264' title='bbox 708 3337 739 3386; x_wconf 90' lang='lat' dir='ltr'><strong>et</strong></span> <span class='ocrx_word' id='word_1_265' title='bbox 759 3337 801 3401; x_wconf 93' lang='lat' dir='ltr'><strong>tu,</strong></span> <span class='ocrx_word' id='word_1_266' title='bbox 823 3337 887 3386; x_wconf 91' lang='lat' dir='ltr'><strong>esto</strong></span> <span class='ocrx_word' id='word_1_267' title='bbox 908 3327 947 3386; x_wconf 86' lang='lat' dir='ltr'><strong>ad</strong></span> <span class='ocrx_word' id='word_1_268' title='bbox 967 3346 1090 3405; x_wconf 90' lang='lat' dir='ltr'><strong>parvum</strong></span> <span class='ocrx_word' id='word_1_269' title='bbox 1108 3336 1222 3405; x_wconf 88' lang='lat' dir='ltr'><strong>tempus</strong></span> 
     </span>
     <span class='ocr_line' id='line_1_31' title="bbox 122 3416 1223 3499; baseline 0.004 -27"><span class='ocrx_word' id='word_1_270' title='bbox 122 3416 152 3473; x_wconf 92' lang='lat' dir='ltr'><strong>in</strong></span> <span class='ocrx_word' id='word_1_271' title='bbox 168 3416 262 3476; x_wconf 89' lang='lat' dir='ltr'><strong>classe</strong></span> <span class='ocrx_word' id='word_1_272' title='bbox 283 3438 405 3477; x_wconf 91' lang='lat' dir='ltr'><strong>munera</strong></span> <span class='ocrx_word' id='word_1_273' title='bbox 428 3418 609 3491; x_wconf 87' lang='lat' dir='ltr'><strong>obeuntium,</strong></span> <span class='ocrx_word' id='word_1_274' title='bbox 622 3430 775 3498; x_wconf 87' lang='lat' dir='ltr'><strong>postquam</strong></span> <span class='ocrx_word' id='word_1_275' title='bbox 796 3440 862 3478; x_wconf 89' lang='lat' dir='ltr'><strong>eum</strong></span> <span class='ocrx_word' id='word_1_276' title='bbox 885 3419 1040 3479; x_wconf 85' lang='lat' dir='ltr'><strong>metallicis</strong></span> <span class='ocrx_word' id='word_1_277' title='bbox 1061 3419 1139 3479; x_wconf 90' lang='lat' dir='ltr'><strong>male</strong></span> <span class='ocrx_word' id='word_1_278' title='bbox 1163 3418 1223 3499; x_wconf 89' lang='lat' dir='ltr'><strong>agi-</strong></span> 
     </span>
     <span class='ocr_line' id='line_1_32' title="bbox 122 3511 1222 3593; baseline 0.005 -26"><span class='ocrx_word' id='word_1_279' title='bbox 122 3519 179 3580; x_wconf 91' lang='lat' dir='ltr'><strong>tur,</strong></span> <span class='ocrx_word' id='word_1_280' title='bbox 201 3531 254 3570; x_wconf 89' lang='lat' dir='ltr'><strong>vos</strong></span> <span class='ocrx_word' id='word_1_281' title='bbox 281 3522 378 3571; x_wconf 86' lang='lat' dir='ltr'><strong>autem</strong></span> <span class='ocrx_word' id='word_1_282' title='bbox 402 3512 540 3591; x_wconf 71' lang='lat' dir='ltr'><strong>agricolae</strong></span> <span class='ocrx_word' id='word_1_283' title='bbox 563 3514 678 3573; x_wconf 89' lang='lat' dir='ltr'><strong>ditiores</strong></span> <span class='ocrx_word' id='word_1_284' title='bbox 705 3514 786 3585; x_wconf 89' lang='lat' dir='ltr'><strong>estis,</strong></span> <span class='ocrx_word' id='word_1_285' title='bbox 808 3534 895 3592; x_wconf 91' lang='lat' dir='ltr'><strong>quam</strong></span> <span class='ocrx_word' id='word_1_286' title='bbox 921 3515 1087 3593; x_wconf 87' lang='lat' dir='ltr'><strong>oportebat.</strong></span> <span class='ocrx_word' id='word_1_287' title='bbox 1143 3511 1222 3572; x_wconf 91' lang='lat' dir='ltr'><strong>Satis</strong></span> 
     </span>
     <span class='ocr_line' id='line_1_33' title="bbox 122 3602 1222 3688; baseline 0.004 -26"><span class='ocrx_word' id='word_1_288' title='bbox 122 3602 201 3662; x_wconf 88' lang='lat' dir='ltr'><strong>enim</strong></span> <span class='ocrx_word' id='word_1_289' title='bbox 225 3603 273 3662; x_wconf 92' lang='lat' dir='ltr'><strong>diu</strong></span> <span class='ocrx_word' id='word_1_290' title='bbox 296 3604 411 3664; x_wconf 92' lang='lat' dir='ltr'><strong>duobus</strong></span> <span class='ocrx_word' id='word_1_291' title='bbox 433 3607 615 3685; x_wconf 89' lang='lat' dir='ltr'><strong>patrimoniis</strong></span> <span class='ocrx_word' id='word_1_292' title='bbox 638 3607 754 3678; x_wconf 84' lang='lat' dir='ltr'><strong>frueris,</strong></span> <span class='ocrx_word' id='word_1_293' title='bbox 769 3607 860 3666; x_wconf 89' lang='lat' dir='ltr'><strong>altero</strong></span> <span class='ocrx_word' id='word_1_294' title='bbox 880 3607 1022 3666; x_wconf 89' lang='lat' dir='ltr'><strong>naturalis</strong></span> <span class='ocrx_word' id='word_1_295' title='bbox 1045 3606 1137 3688; x_wconf 90' lang='lat' dir='ltr'><strong>patris</strong></span> <span class='ocrx_word' id='word_1_296' title='bbox 1153 3606 1222 3666; x_wconf 88' lang='lat' dir='ltr'><strong>Cal·</strong></span> 
     </span>
     <span class='ocr_line' id='line_1_34' title="bbox 121 3695 1222 3779; baseline 0.004 -25"><span class='ocrx_word' id='word_1_297' title='bbox 121 3695 203 3777; x_wconf 90' lang='lat' dir='ltr'><strong>lippi,</strong></span> <span class='ocrx_word' id='word_1_298' title='bbox 217 3698 307 3757; x_wconf 87' lang='lat' dir='ltr'><strong>altero</strong></span> <span class='ocrx_word' id='word_1_299' title='bbox 323 3698 452 3778; x_wconf 88' lang='lat' dir='ltr'><strong>adoptivi</strong></span> <span class='ocrx_word' id='word_1_300' title='bbox 468 3698 638 3759; x_wconf 90' lang='lat' dir='ltr'><strong>Philostrati</strong></span> <span class='ocrx_word' id='word_1_301' title='bbox 660 3699 801 3758; x_wconf 89' lang='lat' dir='ltr'><strong>oratoris:</strong></span> <span class='ocrx_word' id='word_1_302' title='bbox 824 3719 920 3776; x_wconf 87' lang='lat' dir='ltr'><strong>neque</strong></span> <span class='ocrx_word' id='word_1_303' title='bbox 934 3699 980 3758; x_wconf 92' lang='lat' dir='ltr'><strong>his</strong></span> <span class='ocrx_word' id='word_1_304' title='bbox 995 3718 1125 3779; x_wconf 91' lang='lat' dir='ltr'><strong>unquam</strong></span> <span class='ocrx_word' id='word_1_305' title='bbox 1139 3696 1222 3776; x_wconf 90' lang='lat' dir='ltr'><strong>quic·</strong></span> 
     </span>
     <span class='ocr_line' id='line_1_35' title="bbox 121 3790 1222 3872; baseline 0.002 -23"><span class='ocrx_word' id='word_1_306' title='bbox 121 3811 210 3872; x_wconf 90' lang='lat' dir='ltr'><strong>quarn</strong></span> <span class='ocrx_word' id='word_1_307' title='bbox 231 3792 401 3872; x_wconf 87' lang='lat' dir='ltr'><strong>praestitisti.</strong></span> <span class='ocrx_word' id='word_1_308' title='bbox 443 3794 487 3850; x_wconf 93' lang='lat' dir='ltr'><strong>Ac</strong></span> <span class='ocrx_word' id='word_1_309' title='bbox 506 3813 588 3852; x_wconf 90' lang='lat' dir='ltr'><strong>meus</strong></span> <span class='ocrx_word' id='word_1_310' title='bbox 603 3792 721 3871; x_wconf 91' lang='lat' dir='ltr'><strong>quidem</strong></span> <span class='ocrx_word' id='word_1_311' title='bbox 745 3801 829 3871; x_wconf 88' lang='lat' dir='ltr'><strong>pater</strong></span> <span class='ocrx_word' id='word_1_312' title='bbox 852 3791 976 3870; x_wconf 87' lang='lat' dir='ltr'><strong>utrique,</strong></span> <span class='ocrx_word' id='word_1_313' title='bbox 991 3802 1020 3852; x_wconf 93' lang='lat' dir='ltr'><strong>et</strong></span> <span class='ocrx_word' id='word_1_314' title='bbox 1034 3790 1105 3851; x_wconf 90' lang='lat' dir='ltr'><strong>mihi</strong></span> <span class='ocrx_word' id='word_1_315' title='bbox 1119 3791 1222 3851; x_wconf 84' lang='lat' dir='ltr'><strong>etfra·</strong></span> 
     </span>
     <span class='ocr_line' id='line_1_36' title="bbox 119 3884 1222 3964; baseline -0.002 -19"><span class='ocrx_word' id='word_1_316' title='bbox 119 3884 166 3957; x_wconf 89' lang='lat' dir='ltr'><strong>tri,</strong></span> <span class='ocrx_word' id='word_1_317' title='bbox 179 3884 383 3964; x_wconf 89' lang='lat' dir='ltr'><strong>patrimonium</strong></span> <span class='ocrx_word' id='word_1_318' title='bbox 397 3884 512 3962; x_wconf 91' lang='lat' dir='ltr'><strong>reliquit</strong></span> <span class='ocrx_word' id='word_1_319' title='bbox 524 3884 719 3963; x_wconf 87' lang='lat' dir='ltr'><strong>quadraginta</strong></span> <span class='ocrx_word' id='word_1_320' title='bbox 731 3884 858 3963; x_wconf 89' lang='lat' dir='ltr'><strong>quinque</strong></span> <span class='ocrx_word' id='word_1_321' title='bbox 870 3884 1024 3957; x_wconf 86' lang='lat' dir='ltr'><strong>minarum,</strong></span> <span class='ocrx_word' id='word_1_322' title='bbox 1037 3885 1118 3943; x_wconf 88' lang='lat' dir='ltr'><strong>unde</strong></span> <span class='ocrx_word' id='word_1_323' title='bbox 1132 3884 1222 3943; x_wconf 88' lang='lat' dir='ltr'><strong>vitam</strong></span> 
     </span>
     <span class='ocr_line' id='line_1_37' title="bbox 119 3975 1223 4056; baseline 0 -19"><span class='ocrx_word' id='word_1_324' title='bbox 119 3988 284 4038; x_wconf 89' lang='lat' dir='ltr'><strong>sustentare</strong></span> <span class='ocrx_word' id='word_1_325' title='bbox 309 3977 389 4036; x_wconf 89' lang='lat' dir='ltr'><strong>haud</strong></span> <span class='ocrx_word' id='word_1_326' title='bbox 413 3976 501 4035; x_wconf 81' lang='lat' dir='ltr'><strong>facile</strong></span> <span class='ocrx_word' id='word_1_327' title='bbox 526 3988 590 4036; x_wconf 88' lang='lat' dir='ltr'><strong>est:</strong></span> <span class='ocrx_word' id='word_1_328' title='bbox 623 3978 664 4036; x_wconf 93' lang='lat' dir='ltr'><strong>tui</strong></span> <span class='ocrx_word' id='word_1_329' title='bbox 685 3997 754 4037; x_wconf 91' lang='lat' dir='ltr'><strong>vero</strong></span> <span class='ocrx_word' id='word_1_330' title='bbox 771 3985 867 4055; x_wconf 87' lang='lat' dir='ltr'><strong>putres</strong></span> <span class='ocrx_word' id='word_1_331' title='bbox 887 3987 999 4036; x_wconf 87' lang='lat' dir='ltr'><strong>tantam</strong></span> <span class='ocrx_word' id='word_1_332' title='bbox 1018 3975 1149 4036; x_wconf 89' lang='lat' dir='ltr'><strong>habuere</strong></span> <span class='ocrx_word' id='word_1_333' title='bbox 1171 3997 1223 4056; x_wconf 92' lang='lat' dir='ltr'><strong>pe·</strong></span> 
     </span>
     <span class='ocr_line' id='line_1_38' title="bbox 120 4056 1222 4150; baseline -0.004 -18"><span class='ocrx_word' id='word_1_334' title='bbox 120 4073 248 4144; x_wconf 90' lang='lat' dir='ltr'><strong>cuniam,</strong></span> <span class='ocrx_word' id='word_1_335' title='bbox 272 4081 305 4131; x_wconf 93' lang='lat' dir='ltr'><strong>ut</strong></span> <span class='ocrx_word' id='word_1_336' title='bbox 333 4081 453 4149; x_wconf 90' lang='lat' dir='ltr'><strong>uterque</strong></span> <span class='ocrx_word' id='word_1_337' title='bbox 482 4071 625 4150; x_wconf 92' lang='lat' dir='ltr'><strong>tripodem</strong></span> <span class='ocrx_word' id='word_1_338' title='bbox 655 4056 806 4141; x_wconf 90' lang='lat' dir='ltr'><strong>dedicarit,</strong></span> <span class='ocrx_word' id='word_1_339' title='bbox 827 4069 857 4128; x_wconf 89' lang='lat' dir='ltr'><strong>in</strong></span> <span class='ocrx_word' id='word_1_340' title='bbox 877 4069 1107 4129; x_wconf 86' lang='lat' dir='ltr'><strong>Bacchanalium</strong></span> <span class='ocrx_word' id='word_1_341' title='bbox 1128 4067 1222 4128; x_wconf 85' lang='lat' dir='ltr'><strong>aedili·</strong></span> 
     </span>
     <span class='ocr_line' id='line_1_39' title="bbox 117 4161 1223 4244; baseline -0.004 -21"><span class='ocrx_word' id='word_1_342' title='bbox 117 4173 178 4224; x_wconf 89' lang='lat' dir='ltr'><strong>tate</strong></span> <span class='ocrx_word' id='word_1_343' title='bbox 192 4166 293 4227; x_wconf 88' lang='lat' dir='ltr'><strong>victor.</strong></span> <span class='ocrx_word' id='word_1_344' title='bbox 335 4165 439 4244; x_wconf 89' lang='lat' dir='ltr'><strong>Neque</strong></span> <span class='ocrx_word' id='word_1_345' title='bbox 456 4182 524 4223; x_wconf 87' lang='lat' dir='ltr'><strong>vero</strong></span> <span class='ocrx_word' id='word_1_346' title='bbox 540 4163 674 4223; x_wconf 87' lang='lat' dir='ltr'><strong>invideo:</strong></span> <span class='ocrx_word' id='word_1_347' title='bbox 697 4164 807 4223; x_wconf 90' lang='lat' dir='ltr'><strong>debent</strong></span> <span class='ocrx_word' id='word_1_348' title='bbox 820 4161 903 4228; x_wconf 77' lang='lat' dir='ltr'><strong>¹enim</strong></span> <span class='ocrx_word' id='word_1_349' title='bbox 928 4182 946 4222; x_wconf 90' lang='lat' dir='ltr'><strong>a</strong></span> <span class='ocrx_word' id='word_1_350' title='bbox 969 4162 1107 4221; x_wconf 87' lang='lat' dir='ltr'><strong>divitibus</strong></span> <span class='ocrx_word' id='word_1_351' title='bbox 1124 4161 1223 4242; x_wconf 91' lang='lat' dir='ltr'><strong>juvari</strong></span> 
     </span>
     <span class='ocr_line' id='line_1_40' title="bbox 120 4253 1222 4334; baseline -0.004 -18"><span class='ocrx_word' id='word_1_352' title='bbox 120 4257 209 4320; x_wconf 87' lang='lat' dir='ltr'><strong>cives.</strong></span> <span class='ocrx_word' id='word_1_353' title='bbox 257 4261 301 4318; x_wconf 79' lang='lat' dir='ltr'><strong>&#39;l&#39;u</strong></span> <span class='ocrx_word' id='word_1_354' title='bbox 321 4269 418 4319; x_wconf 90' lang='lat' dir='ltr'><strong>autem</strong></span> <span class='ocrx_word' id='word_1_355' title='bbox 437 4268 466 4317; x_wconf 88' lang='lat' dir='ltr'><strong>te</strong></span> <span class='ocrx_word' id='word_1_356' title='bbox 492 4255 615 4315; x_wconf 89' lang='lat' dir='ltr'><strong>ostende</strong></span> <span class='ocrx_word' id='word_1_357' title='bbox 639 4256 685 4314; x_wconf 88' lang='lat' dir='ltr'><strong>vel</strong></span> <span class='ocrx_word' id='word_1_358' title='bbox 707 4276 797 4315; x_wconf 93' lang='lat' dir='ltr'><strong>unum</strong></span> <span class='ocrx_word' id='word_1_359' title='bbox 819 4255 980 4315; x_wconf 89' lang='lat' dir='ltr'><strong>teruncium</strong></span> <span class='ocrx_word' id='word_1_360' title='bbox 1001 4255 1032 4313; x_wconf 95' lang='lat' dir='ltr'><strong>in</strong></span> <span class='ocrx_word' id='word_1_361' title='bbox 1060 4253 1222 4334; x_wconf 91' lang='lat' dir='ltr'><strong>rempubli-</strong></span> 
     </span>
     <span class='ocr_line' id='line_1_41' title="bbox 118 4346 1222 4430; baseline -0.002 -23"><span class='ocrx_word' id='word_1_362' title='bbox 118 4369 183 4408; x_wconf 88' lang='lat' dir='ltr'><strong>cam</strong></span> <span class='ocrx_word' id='word_1_363' title='bbox 207 4353 376 4423; x_wconf 88' lang='lat' dir='ltr'><strong>contulisse,</strong></span> <span class='ocrx_word' id='word_1_364' title='bbox 392 4349 441 4430; x_wconf 93' lang='lat' dir='ltr'><strong>qui</strong></span> <span class='ocrx_word' id='word_1_365' title='bbox 463 4349 522 4408; x_wconf 93' lang='lat' dir='ltr'><strong>duo</strong></span> <span class='ocrx_word' id='word_1_366' title='bbox 540 4348 679 4407; x_wconf 86' lang='lat' dir='ltr'><strong>munifica</strong></span> <span class='ocrx_word' id='word_1_367' title='bbox 700 4347 874 4427; x_wconf 89' lang='lat' dir='ltr'><strong>patrimonia</strong></span> <span class='ocrx_word' id='word_1_368' title='bbox 895 4346 1063 4426; x_wconf 88' lang='lat' dir='ltr'><strong>suscepisti:</strong></span> <span class='ocrx_word' id='word_1_369' title='bbox 1086 4347 1222 4407; x_wconf 87' lang='lat' dir='ltr'><strong>sednon</strong></span> 
     </span>
     <span class='ocr_line' id='line_1_42' title="bbox 107 4438 1221 4521; baseline -0.003 -19"><span class='ocrx_word' id='word_1_370' title='bbox 107 4443 262 4505; x_wconf 86' lang='lat' dir='ltr'><strong>ostendes.</strong></span> <span class='ocrx_word' id='word_1_371' title='bbox 306 4444 465 4507; x_wconf 90' lang='lat' dir='ltr'><strong>Occultare</strong></span> <span class='ocrx_word' id='word_1_372' title='bbox 481 4441 557 4503; x_wconf 85' lang='lat' dir='ltr'><strong>enim</strong></span> <span class='ocrx_word' id='word_1_373' title='bbox 579 4452 609 4503; x_wconf 91' lang='lat' dir='ltr'><strong>et</strong></span> <span class='ocrx_word' id='word_1_374' title='bbox 631 4441 813 4521; x_wconf 83' lang='lat' dir='ltr'><strong>tergiversari</strong></span> <span class='ocrx_word' id='word_1_375' title='bbox 827 4452 857 4502; x_wconf 90' lang='lat' dir='ltr'><strong>et</strong></span> <span class='ocrx_word' id='word_1_376' title='bbox 871 4441 943 4501; x_wconf 89' lang='lat' dir='ltr'><strong>nihil</strong></span> <span class='ocrx_word' id='word_1_377' title='bbox 966 4438 1156 4513; x_wconf 85' lang='lat' dir='ltr'><strong>nonfacere,</strong></span> <span class='ocrx_word' id='word_1_378' title='bbox 1182 4460 1221 4500; x_wconf 83' lang='lat' dir='ltr'><strong>ne</strong></span> 
     </span>
    </p>
   </div>
   <div class='ocr_carea' id='block_1_6' title="bbox 0 0 1336 4792">
    <p class='ocr_par' dir='ltr' id='par_1_6' title="bbox 0 0 1336 4792">
     <span class='ocr_line' id='line_1_43' title="bbox 0 0 1336 4792; baseline 0 4"><span class='ocrx_word' id='word_1_379' title='bbox 0 0 1336 4792; x_wconf 95' lang='lat' dir='ltr'><strong> </strong></span> 
     </span>
    </p>
   </div>
  </div>
 </body>
</html>
