2662 4792
109 286 169 345 tro
385 280 600 343 ADVERSUS
621 276 921 341 adunatarum.

108 416 284 520 etplera'qne
303 438 470 499 testimonia
482 437 565 510 dixit,
578 420 720 498 renelunt
728 436 804 498 salso
817 441 995 496 testamento
1008 430 1196 491 concinnato.

110 529 327 610 Quod'quidlsm
339 534 556 601 tastamentum,
569 542 635 589 culn
649 531 686 589 ab
700 529 740 590 eis
753 529 883 590 oblatum
893 534 983 597 esset,
992 524 1147 584 inuentum·
1155 530 1202 583 ast

108 622 232 683 falsum:
254 643 348 701 neque
368 623 410 682 illi
426 623 645 683 succubuerunt
658 623 763 694 solum,
776 622 828 682 sed
842 632 952 681 etcum
965 632 1080 677 summa
1092 616 1200 695 impro-

109 715 207 776 bitatis
221 714 357 794 opinione
370 735 386 775 e
395 713 508 794 judicio
527 716 674 785 abierunt;
698 715 907 794 Theopompus
928 720 1025 772 autem
1044 708 1201 769 Macartati

108 790 190 887 pa'ter
207 817 270 866 tum
288 827 430 887 praesens,
450 807 648 886 proclamante
668 826 815 889 praecone,
837 803 1010 883 numquis
1032 820 1146 881 agere
1164 800 1201 861 in

108 898 375 960 haereditatem
402 900 561 980 Hagniae
586 910 931 961 aut¹sacramento
958 894 1201 957 contendere

109 990 235 1051 vellet
265 992 348 1051 sive
382 1011 520 1071 genere
551 993 631 1052 siue
663 1000 705 1051 e'x
738 998 993 1060 testamento,
1020 985 1201 1047 contendere

110 1094 292 1144 sacramento
313 1104 375 1143 non
398 1094 446 1145 est
464 1085 638 1155 ausus,·sed
667 1085 729 1164 ipse
749 1081 964 1163 pronunciavit,
993 1080 1031 1140 ad
1059 1100 1092 1139 se
1119 1077 1202 1138 nulla

109 1176 221 1261 ratione
241 1177 385 1257 pertinere
406 1177 533 1256 Haguioe
554 1176 766 1237 haereditatem.
868 1164 872 1172 ⁴
978 1186 981 1190 '

151 1272 180 1328 3.
202 1269 299 1338 Quam
311 1290 378 1330 cum
392 1282 485 1329 mater
498 1270 581 1350 pueri
593 1270 691 1350 hujus,
702 1267 811 1347 judicio
824 1266 908 1327 victis
923 1264 1096 1326 adversariis
1108 1262 1203 1323 omni·

109 1362 177 1435 bus,
189 1371 311 1435 teneret,
325 1361 368 1423 ita
381 1350 481 1423 nefarii
503 1363 620 1422 fuerunt
640 1362 698 1434 isti,
712 1371 744 1421 ut
757 1381 851 1441 nequa
864 1360 893 1418 in
907 1359 1025 1439 legibus
1039 1356 1204 1419 vesum-ue·

110 1468 167 1533 qua
181 1455 211 1514 in
223 1456 376 1517 sententiis
385 1456 518 1536 judicum
531 1455 773 1535 acquiescendum
786 1455 842 1514 sibi
855 1472 921 1513 esse
930 1451 1070 1533 putarint,
1080 1449 1134 1510 sed
1146 1466 1205 1530 qno

106 1548 172 1627 jure
185 1547 356 1628 quaiujuria
370 1547 482 1607 mulieri
495 1552 595 1608 rursus
608 1549 718 1628 eripere
730 1547 932 1607 haereditatem
946 1564 1033 1623 quarn
1048 1544 1075 1603 ei
1089 1562 1142 1603 vos
1151 1542 1205 1603 a'd·
1220 1584 1228 1603 .

111 1640 248 1700 dixeratis
261 1640 451 1700 instituerint:
473 1640 570 1717 itaque
591 1640 789 1719 conjuratione
808 1639 889 1699 facta
908 1647 939 1697 et
957 1636 1068 1696 loedere
1081 1636 1159 1696 inter
1171 1652 1205 1695 se

110 1733 171 1792 icto
189 1752 280 1811 eoque
302 1732 381 1812 apud
395 1731 536 1791 Medeam
553 1731 737 1811 Hagnusium
751 1731 895 1812 deposito,
908 1730 1117 1809 Theopompus
1137 1726 1207 1787 Ma·

111 1823 214 1883 certati
240 1834 334 1904 pater,
358 1834 389 1882 et
412 1822 537 1895 Glauco,
558 1834 588 1882 et
611 1818 743 1883 Glaucus
769 1824 850 1903 prius
871 1823 975 1894 victus,
1000 1822 1057 1881 alio
1077 1819 1206 1900 quodam

110 1915 295 1976 familiarium
315 1925 420 1995 quarto
441 1915 790 1995 adhibito-Eupolemus
804 1916 831 1974 ei
845 1935 952 1975 nomeu
972 1925 1085 1981 erat-—,
1098 1912 1130 1971 hi
1141 1931 1205 1973 om·

111 2028 163 2069 nes
184 2009 373 2069 communiter
395 2008 532 2079 insidiati,
542 2008 674 2068 citarum
686 2008 885 2068 mulieremad
896 2018 1050 2087 praetorem
1062 2004 1099 2067 ad
1109 2006 1206 2066 disce·

110 2101 273 2180 ptationem
287 2102 451 2181 Hagniauae
473 2102 662 2172 haereditatis,
676 2102 742 2180 lega
765 2102 832 2161 freti
846 2121 913 2180 quae
932 2101 1059 2180 juberet,
1074 2119 1141 2159 eum
1155 2099 1207 2179 qui

112 2193 232 2254 adiisset
241 2194 442 2254 haereditatem
453 2205 483 2254 et
494 2204 608 2254 terreret
617 2196 709 2265 citari,
719 2194 743 2254 si
753 2195 817 2273 quis
827 2194 857 2252 in
871 2194 996 2253 eandem
1007 2212 1094 2273 agere
1108 2193 1208 2254 vellat.

112 2289 178 2347 Hos
192 2289 241 2348 ubi
254 2299 361 2368 praetor
375 2289 404 2347 in
414 2287 556 2368 judicium
570 2289 667 2360 duxit,
676 2301 706 2348 et
719 2308 809 2348 causa
822 2287 938 2366 agenda
948 2287 1012 2361 suit,
1023 2298 1085 2347 tum
1096 2286 1208 2347 aliaeis

112 2381 210 2441 omnia
223 2392 394 2460 praeparata·
405 2382 525 2441 luerunt
544 2382 583 2441 ad
603 2382 755 2461 judicium,
770 2391 833 2440 turn
848 2400 943 2459 aquae,
957 2380 996 2439 ad
1010 2399 1098 2458 quam
1112 2380 1210 2440 disce·

111 2474 255 2552 ptaudum
277 2483 350 2544 erat,
374 2474 538 2553 quadruplo
558 2474 624 2551 plus
649 2474 730 2534 nobis
755 2483 949 2552 acceperunt:
973 2493 1096 2533 necesse
1120 2474 1208 2547 eninr,

112 2564 246 2638 Judices,
260 2563 388 2624 habebat
400 2574 508 2643 praetor
521 2565 691 2644 amphoram
712 2565 868 2643 unicuique
886 2577 1089 2625 accusatorum
1110 2565 1208 2625 infun-

114 2655 193 2727 dere,
203 2666 232 2714 et
254 2664 312 2715 tres
326 2655 416 2715 choas
430 2656 582 2736 posteriori
596 2657 727 2719 orationi.
768 2657 894 2717 Proinde
908 2659 996 2718 fiebat
1010 2669 1043 2717 ut
1056 2678 1112 2738 ego
1127 2659 1210 2719 muli-

113 2747 169 2806 eris
183 2746 329 2818 defensor,
343 2767 403 2807 non
424 2748 563 2807 modo'de
578 2768 696 2827 genere,
710 2757 746 2808 et·
759 2750 873 2809 caeteris
888 2770 955 2828 qum
973 2752 1101 2813 dicenda
1114 2753 1209 2826 erant,

108 2838 256 2917 judicibus
268 2859 335 2899 rneo
349 2840 487 2900 arbitratu
505 2859 622 2900 narrare
643 2860 704 2900 non
720 2861 850 2920 possem,
864 2843 917 2902 sed
932 2848 968 2902 ne
981 2844 1129 2903 minimam
1144 2846 1210 2923 qui·

114 2932 183 2993 dem
192 2932 420 3006 mendaciorum,
431 2953 496 3012 quse
507 2933 602 2993 innos
612 2945 832 3013 congesserant,
846 2936 1109 3014 partemrefutara:
1124 2937 1210 3016 quin·

113 3038 178 3087 tam·
189 3026 265 3085 enim
279 3046 366 3106 aquae
378 3036 490 3106 partem
504 3025 673 3090 habebam..
691 3028 796 3106 'Atque
809 3028 839 3087 id
851 3029 1000 3089 artificium
1014 3028 1088 3089 illud
1101 3029 1211 3107 fuitptrt

113 3117 169 3198 ipsi
181 3119 257 3180 inter
269 3139 301 3179 se
316 3119 499 3180 colluderent
512 3140 547 3180 ac
561 3126 678 3181 mutuas
692 3122 841 3181 traderent
852 3142 957 3201 operas
970 3124 1127 3204 omniaque
1140 3144 1210 3186 con·

114 3210 274 3284 iterentur,
297 3212 335 3271 da
358 3212 442 3271 nobis
463 3222 562 3273 autem
575 3233 611 3273 ea
625 3214 756 3273 dicerent
774 3220 840 3292 q'uae
862 3235 1012 3294 nunquam
1032 3217 1113 3278 sacta
1131 3227 1210 3278 suut.

117 3302 193 3363 Cum
206 3305 294 3381 igitur
308 3304 351 3363 ad·
360 3324 426 3363 eum
441 3306 558 3364 modum
573 3306 678 3366 insidia
692 3307 868 3368 struxissent
880 3320 911 3370 et
925 3309 1090 3389 conjunctis
1101 3310 1211 3372 viribus

115 3414 170 3456 trus
191 3407 406 3485 oppugnarent,
423 3397 545 3456 cadiscis
561 3404 692 3476 'quatuor
711 3419 748 3460 ex
766 3400 832 3479 lege
853 3402 966 3480 positis,
981 3402 1113 3482 judiees,
1131 3402 1212 3483 quod

115 3484 250 3562 equidem
264 3505 323 3543 non
337 3485 434 3558 miror,
449 3487 563 3567 decepti
577 3489 653 3550 inter
668 3510 733 3551 sese
746 3491 958 3565 dissenserunt,
973 3504 1062 3573 atque
1074 3494 1212 3554 illisrarti·

115 3577 189 3637 liciis
198 3578 313 3638 seducti
326 3578 356 3637 id
369 3581 610 3658 pronunciarent,
624 3583 704 3662 quod
720 3583 877 3662 unicuique
890 3587 920 3646 in
933 3589 1058 3647 buccam
1071 3594 1211 3648 ueua'rat:

115 3667 278 3747 calculique
295 3669 398 3748 paucis
421 3671 539 3731 omnino
560 3674 668 3753 plures,
682 3674 729 3732 vel
749 3675 841 3735 tribus
861 3678 906 3737 vel
920 3691 1055 3760 quatuor,
1069 3681 1100 3739 in
1118 3680 1214 3741 tneo·

115 3761 215 3840 pompi
233 3761 360 3835 cadisco,
372 3782 460 3841 quarn
474 3765 503 3823 in
517 3766 657 3838 mulieris,
670 3776 738 3825 sunt
751 3767 870 3828 inventi.
1118 3824 1122 3833 .

153 3857 187 3913 ·4.
203 3854 253 3914 -Αο
278 3863 340 3913 turn
360 3854 425 3914 haec
446 3865 514 3916 acta
532 3858 659 3931 fuerunt,
679 3858 822 3921 Judicesa
838 3869 1144 3941 posteaquamfautam
1158 3865 1215 3925 hoc

117 3965 209 4026 puero
223 3956 293 4009 nato
307 3957 422 4026 tempus
437 3968 503 4009 esse
516 3950 679 4024 videbatur,
694 3971 750 4030 ego
770 3970 829 4013 non
845 3954 943 4017 'iratus
957 3957 995 4015 nb
1010 3976 1048 4017 ea
1059 3958 1217 4035 qnae-aoei-

33 4070 36 4075 ·
116 4038 301 4114 derant-,sed
313 4039 473 4101 humanum
487 4044 626 4121 quiddam
640 4045 784 4107 accidisse
797 4057 877 4109 ratus
890 4050 973 4109 illiss'
986 4052 1128 4131 temporis
1135 4051 1218 4132 judi·

116 4131 211 4207 cibus,-
224 4132 376 4195 introduxi.
384 4134 424 4193 ad
437 4134 562 4196 ¹curiales
578 4138 704 4219 Hagniae
719 4139 895 4203 Eubulidam
908 4148 1033 4222 praesum
1045 4144 1218 4225 hune-ejus

116 4221 177 4291 tilia
196 4236 309 4301 nattrm,
323 4236 415 4287 utne
437 4231 500 4302 ejus
520 4231 629 4291 familia
650 4230 841 4295 desolaretur.
886 4236 918 4296 Is
942 4236 1021 4296 enirn
1041 4237 1218 4309 Eubulidas,

117 4313 247 4391 Judiees,
263 4320 389 4400 Hagniae
405 4334 511 4400 genere
533 4323 692 4403 prosimus,
706 4325 739 4385 in
757 4326 855 4404 primis
878 4329 997 4408 quidem
1019 4331 1181 4408 exoptabat
1200 4346 1220 4390 a

112 4404 170 4469 diis
192 4407 463 4485 sternant-ulium,
476 4416 773 4494 quamadmodum-ei
792 4431 822 4482 et
838 4422 899 4483 lilia
915 4421 1007 4501 pueri
1018 4420 1219 4499 squamata
