2662 4792
361 273 579 335 ADVERSUS
603 272 872 337 LEocHAREM.
1107 276 1167 336 63³

80 428 300 513 adoptationem,
312 428 365 509 qui
383 430 462 511 prino
482 429 614 511 adoptati
631 450 690 491 non
703 449 814 504 ιιιιιιιιιι,
827 450 886 492 non
900 448 991 511 penes
1007 429 1092 491 istos.
1133 428 1166 490 Si

80 524 188 605 quidem
196 524 275 604 jure,
289 522 403 602 opinor,
412 521 572 601 legislator,
581 532 616 583 ut
624 533 655 584 et
663 523 844 585 calamitates
856 532 1048 603 cognotorum
1061 532 1092 582 et
1103 522 1167 583 elo·

78 615 199 677 ottone·
216 614 371 675 mulierum
390 634 497 694 genere
510 614 647 695 proximis
662 616 823 689 mondavit,
836 616 879 676 oio
892 626 923 677 et
935 614 1123 675 hoereditatos
1135 624 1167 676 ot

78 706 212 769 bonorum
232 708 452 787 perceptionem
474 707 580 768 iisdem
603 707 740 768 restituit.
782 709 870 777 Quod
889 727 959 769 vero
978 717 1024 768 est
1036 707 1166 768 omnium

79 802 225 861 maximum
245 800 391 880 vobisque
403 800 596 872 notissimum,
608 802 725 864 Solonio
745 802 804 874 lex,
820 822 875 863 neo
895 812 1101 863 testamentum
1120 801 1167 863 fa·

79 914 136 955 coro
147 896 319 976 adoptivum
340 914 396 955 neo
410 896 510 975 legare
524 914 638 973 eaquoe
658 904 725 955 sunt
745 896 776 955 in
789 896 898 956 familia
911 915 978 956 cum
1000 895 1166 975 adoptatur,

80 988 146 1047 sinit.
184 988 258 1049 Jure
272 988 402 1049 omnino.
443 989 520 1048 Nam
533 987 708 1049 auctoritate
726 987 826 1068 legum
843 989 983 1069 adoptato
1001 989 1032 1047 in
1055 989 1171 1051 alienas.

80 1098 151 1159 opes,
166 1099 225 1141 non
242 1082 298 1154 tic,
319 1091 352 1138 ut
375 1080 413 1140 de
433 1080 553 1161 privatis
574 1083 670 1153 rebus,
685 1090 731 1141 est
749 1083 955 1143 statuendum:
976 1082 1031 1161 teti
1042 1101 1080 1142 ex
1091 1102 1166 1165 prae·

81 1171 177 1253 iotipto
188 1173 301 1253 legum,
313 1172 432 1251 singulo
443 1173 485 1233 ita
497 1182 532 1232 ut
545 1175 706 1253 perscripta
720 1184 790 1235 sunt
802 1173 946 1246 faciendo,
961 1174 1038 1235 sieut
1050 1174 1100 1234 lex
1113 1173 1166 1234 ait.

82 1265 131 1333 Qui
142 1286 199 1327 ιιοιι
213 1266 347 1346 adoptati
359 1266 486 1337 fuerant,
500 1265 552 1338 uit,
565 1286 633 1326 oum
645 1266 736 1327 Solon
748 1267 951 1347 magistratum
962 1268 1058 1337 iniret,
1069 1267 1112 1326 eis
1122 1276 1167 1327 te·

81 1358 204 1419 menti
216 1357 344 1419 faciendi
358 1376 412 1417 ouo
426 1357 563 1417 arbitratu
580 1359 630 1434 jus
643 1368 726 1417 esto:
746 1357 892 1437 adoptatio
911 1376 980 1417 vero
1000 1357 1166 1417 testamenti

81 1450 208 1513 factione
220 1460 297 1523 esto,
309 1450 363 1511 sed
378 1460 429 1511 aut
443 1451 572 1510 viventes
585 1450 686 1510 relicto
695 1450 821 1510 naturali
832 1449 894 1511 filio
905 1451 936 1511 in
946 1448 1085 1510 familiam
1096 1448 1165 1509 red·

81 1552 173 1616 conto,
183 1544 227 1605 vei
239 1542 375 1605 defuncti
388 1541 587 1604 hoereditatem
611 1542 710 1624 primis
733 1544 869 1623 cognatis
884 1541 1064 1625 adoptatorii
1079 1541 1165 1605 mtt-

84 1645 189 1699 inuito.
