2662 4792
178 275 237 332 804
519 276 671 339 ORATIO
693 278 922 341 AMA'I'ORIA.

169 439 201 486 et
222 429 342 489 honori:
364 449 399 489 ac
417 432 530 511 judicia
553 435 591 495 de
614 434 677 495 aliis
697 436 784 494 rebus
802 432 891 493 animi
911 431 1001 493 nostri
1021 448 1141 491 sensum
1162 418 1260 495 aneu·

166 520 247 593 dere,
268 520 430 583 studiorum
444 545 511 585 vero
535 527 680 585 delectum
700 537 795 585 totum
814 535 944 584 nostrum
966 524 1119 603 ingenium
1140 526 1257 605 aperire.

153 615 213 675 .De
226 616 331 694 quibus
345 618 459 677 interim
481 619 551 677 dum
573 616 699 697 judicas,
714 616 751 676 ab
770 614 904 675 omnibus
924 614 962 674 de
981 626 1013 674 te
1032 614 1097 674 fieri
1116 616 1258 696 judicium

165 717 321 787 exspecta:
343 717 374 767 et
396 709 475 780 mihi,
495 711 592 789 quite
611 710 653 768 ita
666 707 818 779 landarim,
833 726 885 786 pro
907 726 942 767 eo
963 726 998 766 ac
1014 706 1164 786 specimen
1176 708 1215 767 de
1227 716 1257 769 te

163 800 331 881 prebueris,
341 804 500 864 certamina
513 804 575 863 fore
589 794 744 862 sine'mora
755 799 945 861 sustinenda.
977 801 1060 866 Quas
1073 800 1113 859 ob
1126 818 1173 859 res
1188 806 1219 859 et
1229 808 1257 859 te

162 892 243 953 hisce
258 892 393 954 laudibus
407 895 498 955 videri
515 895 648 975 dignum,
662 904 693 954 et
710 892 779 952 mihi
798 892 842 952 tui
862 910 990 953 amorem
1003 910 1063 953 non
1076 910 1144 952 esse
1165 890 1255 951 fraudi

163 987 319 1064 oportebit.
1248 1050 1251 1057 .

205 1079 252 1137 15.
273 1078 315 1137 Te
335 1099 404 1141 vero
425 1099 485 1140 non
509 1080 552 1140 ita
575 1089 708 1159 prompte
730 1078 768 1138 ad
790 1076 1004 1157 philosophiam
1026 1075 1252 1149 adhortaremur,

160 1170 217 1230 nisi
229 1191 286 1231 nec
301 1171 381 1231 aliud
394 1191 499 1232 munus
513 1172 639 1232 amicitia
658 1180 758 1232 nostra
773 1170 867 1248 magis
881 1169 1005 1250 dignum
1025 1187 1075 1228 me
1097 1167 1151 1228 tibi
1169 1186 1253 1249 posse

160 1264 292 1324 conferre
313 1266 482 1333 arbitrarer:
504 1275 534 1326 et
554 1264 763 1344 rempublicam
782 1261 919 1335 viderem,
933 1263 1004 1322 dum
1023 1263 1146 1342 penuria
1166 1261 1253 1323 bono-

158 1374 224 1415 rum
239 1356 365 1416 virorum
379 1359 529 1438 quibusvis
550 1358 715 1430 mandatur,
730 1359 768 1418 ob
786 1356 892 1416 horum
913 1355 1024 1416 delicta
1043 1354 1177 1416 maximis
1196 1354 1253 1415 cla·

159 1446 247 1508 dibus
261 1450 348 1510 affici.
389 1451 431 1510 Ut
454 1450 542 1530 igitur
566 1461 596 1511 et
615 1442 679 1532 ips'a
695 1462 748 1511 tua
758 1449 876 1521 virtute,
890 1457 920 1509 et
938 1457 972 1508 tu
989 1448 1082 1528 ipsius
1096 1447 1250 1509 hononbns

158 1540 326 1617 perfruaris,
342 1541 502 1602 studiosius
516 1552 545 1602 te
560 1562 626 1603 sum
638 1542 781 1603 hortatus.
824 1542 928 1619 Neque
938 1539 1016 1599 enim
1029 1558 1123 1619 penes
1136 1549 1166 1600 te
1178 1539 1251 1600 futu·

157 1649 221 1689 rum
236 1651 300 1692 esse
313 1642 346 1692 nt
358 1633 500 1712 privatam
514 1634 603 1693 vitam
617 1652 709 1713 agas:
730 1631 847 1693 sed'tibi
857 1631 1006 1712 publicum
1020 1631 1141 1711 aliquod
1151 1648 1249 1691 munus

156 1722 327 1782 mandatum
341 1725 375 1785 iri
388 1736 470 1804 puto,
490 1734 521 1785 et
533 1744 592 1804 qno
606 1726 699 1805 major
719 1734 765 1785 est
778 1724 888 1804 ingenii
901 1723 944 1783 tui
956 1722 1140 1804 praestantia,
1154 1742 1191 1784 eo
1202 1722 1250 1783 tihi

155 1813 279 1890 majores
300 1815 456 1893 dignitates
478 1817 665 1886 obventuras,
685 1835 780 1896 eoque
800 1814 943 1875 maturius
965 1815 1009 1874 tui
1028 1814 1192 1894 periculum
1209 1804 1250 1875 fal

153 1913 234 1963 ctum
246 1905 290 1966 iri.
332 1906 479 1986 Expediet
490 1907 579 1986 igitur
593 1927 671 1968 nunc
685 1909 727 1967 ita
736 1927 802 1967 esse
812 1907 909 1967 animo
924 1916 1174 1987 praeparatum,ut
1183 1915 1248 1967 tuno

155 1996 226 2056 nihil
238 1998 405 2078 delinquas.
456 1991 519 2060 Mei
542 1999 642 2080 itaque
666 2000 753 2060 officii
776 2008 832 2069 est,
846 1998 992 2077 explicare
1010 2019 1078 2078 quas
1100 2018 1119 2059 a
1141 2011 1172 2059 te
1191 1998 1247 2059 lieri

154 2089 263 2150 utiliter
275 2093 454 2153 existimem:
476 2094 529 2164 tui,
541 2092 579 2152 de
593 2095 635 2152 eis
649 2091 820 2152 deliberare.

196 2184 244 2243 16.
265 2183 362 2244 Decet
381 2193 479 2243 autem
499 2186 588 2243 etiam
607 2191 740 2255 caeteros,
752 2183 803 2260 qui
822 2191 903 2243 tuam
921 2182 1150 2244 familiaritatem
1162 2202 1244 2264 expe·

153 2286 230 2350 tunt,
243 2295 303 2337 non
316 2277 420 2335 breves
436 2285 466 2334 et
486 2273 566 2334 leves
587 2272 753 2353 voluptates
775 2283 864 2352 atque
883 2273 1030 2351 colloquia
1043 2277 1246 2354 magnifacere,

152 2367 298 2447 nequead
312 2376 391 2427 eate
407 2384 579 2447 provocare:
600 2365 653 2426 sed
675 2365 825 2426 elaborare
846 2365 1035 2445 studioseque
1057 2369 1199 2447 cogitare,
1212 2370 1245 2431 do

151 2459 212 2519 vita
229 2470 282 2520 tua
301 2478 390 2538 quam
411 2457 608 2519 illustrissima
620 2456 785 2518 efficienda.
827 2458 878 2519 Sic
896 2457 1019 2518 enimet
1037 2459 1095 2539 ipsi
1109 2462 1244 2523 maxima

151 2549 255 2632 laudes
277 2559 477 2630 assequentur,
493 2562 523 2611 et
536 2552 566 2609 in
586 2560 615 2609 te
629 2550 755 2610 maxima
773 2551 915 2611 beneficia
934 2552 1097 2613 conferent.
1126 2559 1171 2616 Ac
1183 2566 1244 2617 tuo·

151 2663 214 2702 rum
229 2641 373 2701 sodalium
386 2662 464 2701 nunc
485 2647 571 2702 etiam
584 2643 729 2702 neminem
747 2644 936 2723 reprehendo.
979 2646 1057 2706 Nam
1076 2647 1108 2706 in
1128 2648 1241 2728 reliqua

150 2734 297 2794 felicitatis
311 2736 370 2794 tuae'
382 2744 465 2813 parte
479 2746 509 2794 et
521 2735 578 2794 hoc
592 2754 656 2794 esse
671 2735 795 2807 videtur,
811 2736 889 2816 quod
904 2738 933 2796 in
946 2738 1060 2797 nullum
1073 2740 1242 2801 illaudatum

150 2827 285 2888 incideris
300 2836 475 2888 amatorem:
497 2828 550 2887 sed
573 2847 672 2887 eorum
693 2828 745 2887 tibi
758 2828 938 2889 familiaritas
960 2832 1126 2911 contigerit,
1141 2835 1240 2912 quibus

149 2920 283 2980 meliores
297 2940 334 2980 ex
346 2920 481 2980 omnihus
500 2919 660 2999 aequalibus
674 2920 763 3000 deligi
777 2941 835 2980 non
849 2923 972 3001 possint.
996 2922 1124 2983 Proinde
1136 2927 1242 2986 suadeo

150 3024 183 3074 ut
197 3023 226 3074 te
238 3033 309 3094 erga
329 3013 395 3072 illos
410 3033 512 3073 omnes
533 3032 646 3073 comem
660 3015 790 3093 praebeas
805 3023 835 3074 et
847 3014 980 3074 facilem:
1003 3016 1058 3074 sed
1082 3036 1180 3076 eorum
1199 3029 1239 3077 ta-

150 3127 217 3166 men
229 3107 457 3187 prudentissimis
468 3107 647 3184 obsequaris,
661 3116 694 3167 ut
706 3116 737 3167 et
750 3110 787 3168 ab
801 3107 846 3168 his
866 3107 947 3188 ipsis,
962 3117 992 3166 et
1007 3127 1025 3167 a
1040 3109 1159 3189 reliquis
1174 3111 1240 3170 ciri-

149 3205 216 3274 bus,
230 3201 332 3262 melior
341 3199 490 3279 judiceris.
534 3200 618 3261 Vale.
