2662 4792
128 265 185 322 522
468 259 640 320 CONTRA
663 260 880 323 CONONEM.

122 418 291 479 cederetur:
313 428 343 477 et
365 417 469 476 borum
489 417 630 496 cujusque
648 417 761 495 legibus
783 416 904 475 definita
922 427 992 476 sunt
1010 415 1164 497 supplicia,
1177 436 1219 479 ue

122 530 158 570 ea
169 510 297 590 cujusvis
319 509 469 569 iracundia
481 520 533 569 aut
547 510 686 570 arbitratu
701 508 912 588 judicarentur.
956 510 994 569 Et
1011 509 1078 570 boec
1097 508 1220 589 quidem

122 604 281 663 constituta
304 613 372 661 sunt
395 602 530 681 legibus:
557 614 588 661 at
612 602 636 660 si
664 601 768 662 Conon
794 601 907 674 dixerit,
929 601 1021 683 priapi
1038 621 1139 663 sumus
1163 620 1219 663 nos

122 695 240 777 quidam
255 694 439 774 congregati,
459 703 490 753 et
502 704 657 765 amatores,
675 706 706 755 et
719 714 793 774 quos
808 688 892 754 nobis
905 694 999 753 visum
1018 705 1064 755 ast
1082 696 1219 759 verbera·

122 809 187 848 mus
201 798 231 847 et
240 789 422 867 jugulamus,
436 807 489 847 vos
504 808 555 847 eos
571 808 639 847 cum
653 787 712 847 risu
726 786 904 849 absolvatis?
931 787 1003 847 Non
1017 805 1088 853 sane
1103 786 1220 868 opinor.

121 882 227 960 Neque
245 882 323 941 enim
338 892 465 941 vestrum
480 881 614 960 cuiquam
629 880 723 940 ridere
736 881 881 952 libuisset,
896 879 921 939 si
932 899 1062 959 praesens
1077 878 1219 953 affuissett

121 994 187 1033 cum
202 974 332 1033 traherer
345 984 375 1034 et
388 993 527 1033 exsuerer
537 984 567 1034 ct
581 973 767 1035 contumeliis
782 974 923 1045 afficerer,
937 982 968 1032 et
981 992 1071 1037 sanus
1082 992 1217 1053 egresm

120 1067 239 1127 domum
264 1076 444 1147 reportarem
467 1076 499 1126 et
520 1077 613 1126 mater
631 1086 696 1127 mea
714 1076 783 1145 post
805 1066 945 1138 exsiliret,
959 1076 991 1125 et
1013 1075 1116 1127 tantus
1141 1078 1217 1129 esset

121 1160 199 1240 apud
214 1182 269 1221 nos
286 1162 396 1221 clamor
413 1172 443 1220 et
461 1161 558 1220 luctus
577 1161 742 1231 mulierum,
757 1160 879 1240 perinde
902 1181 937 1221 ac
962 1158 987 1219 si
1009 1160 1076 1238 quis
1090 1160 1217 1233 obiisset,

121 1253 196 1314 adeo
210 1264 241 1313 ut
254 1264 285 1314 et
298 1255 458 1314 vicinorum
472 1254 592 1337 quidam
608 1253 646 1314 ad
668 1273 720 1315 nos
742 1254 900 1322 mitterent,
915 1253 966 1332 qui
979 1261 1217 1332 percontarentur

121 1349 191 1428 quid
204 1350 287 1410 nobis
301 1349 468 1410 accidisset.

162 1446 190 1502 8.
213 1444 305 1503 Nullo
323 1454 402 1504 certe
424 1442 524 1513 modo,
537 1441 668 1513 ludices,
683 1442 768 1502 decet
790 1440 927 1519 cuiquam
945 1441 1006 1501 ulla
1018 1440 1057 1501 de
1070 1458 1164 1501 causa
1175 1440 1217 1501 la·

121 1536 262 1597 cultatem
280 1547 310 1598 et
333 1536 478 1597 licentiam
502 1534 564 1595 dari
583 1556 601 1594 a
617 1535 700 1595 vobis
714 1536 833 1613 impune
846 1554 900 1614 pro
922 1534 1041 1595 libidine
1061 1553 1118 1597 sua
1137 1552 1217 1613 gras·

120 1628 225 1688 sandi:
247 1630 292 1688 sin
310 1629 362 1688 ulli
383 1628 469 1691 venia
482 1627 583 1688 danda
595 1638 653 1701 est,
666 1627 711 1699 iis,
726 1626 775 1706 qui
789 1637 905 1706 propter
918 1637 1035 1687 aetatem
1050 1639 1104 1687 aut
1119 1626 1217 1688 adola-

120 1720 262 1780 scentiam
281 1722 342 1781 tale
366 1721 437 1800 quid
459 1731 562 1800 agunt,
575 1740 612 1780 ea
632 1719 771 1798 coniugia
786 1719 963 1779 reservanda
977 1731 1057 1799 sunt,
1070 1729 1161 1799 atque
1172 1716 1218 1779 bis

118 1813 191 1892 ipsis
211 1833 270 1873 non
291 1814 329 1873 ad
346 1813 559 1892 impunitatem,
579 1812 632 1871 sed
656 1812 695 1872 ad
714 1810 854 1890 legitimae
875 1833 972 1891 poenoe
993 1811 1216 1892 mitigationem.

121 1906 179 1973 Qui
193 1917 292 1966 autem
301 1905 551 1986 quinquagenario
565 1905 655 1984 major
668 1904 834 1963 homiuibus
840 1904 1005 1984 junioribus
1019 1905 1119 1979 adest,
1128 1904 1218 1983 iisque

119 1997 194 2069 tiliis,
208 2018 260 2059 eos
283 2009 380 2059 autem
404 2000 480 2060 adeo
504 2018 564 2059 non
585 1997 710 2058 deterret
730 2007 782 2057 eut
804 1997 947 2077 probibet,
969 2009 1003 2056 ut
1025 1997 1089 2077 ipse
1107 1997 1171 2057 dux
1188 2004 1219 2057 et

120 2100 222 2151 auctor
235 2102 265 2151 et
278 2092 408 2152 omnium
423 2089 657 2152 vaecordissimus
670 2089 718 2162 sit,
733 2109 792 2167 quo
802 2090 857 2150 iste
871 2090 960 2170 digno
973 2090 1060 2151 sactis
1075 2089 1138 2151 suis
1148 2109 1218 2171 snp-

119 2183 205 2261 plicio
218 2184 382 2245 afficietur?
414 2184 559 2265 Equidem
583 2183 607 2242 si
625 2182 823 2256 interficiatur,
836 2185 969 2243 nondum
985 2184 1082 2264 justas
1100 2182 1219 2245 dedisse

119 2296 224 2356 peenas
238 2278 384 2338 existimo.
427 2278 544 2338 Etenim
564 2276 588 2335 si
609 2275 682 2337 nihil
696 2276 757 2356 ipse
771 2275 974 2348 commisisset,
991 2276 1044 2337 sed
1059 2274 1096 2351 si,
1116 2296 1154 2337 eo
1166 2274 1217 2337 ad·

120 2380 227 2441 stante,
242 2370 356 2431 Ctesias
370 2371 446 2430 filius
460 2371 522 2450 ejus
537 2390 582 2439 ea,
597 2389 664 2449 quoe
677 2389 756 2428 nunc
769 2367 848 2442 fecit,
858 2368 1048 2449 designasset,
1061 2370 1217 2449 eumjusto

120 2462 187 2521 odio
198 2462 455 2542 prosequeremini.
498 2462 530 2520 Si
544 2461 623 2521 enim
643 2461 686 2520 sic
699 2460 856 2523 educasset
869 2462 945 2522 filios
959 2481 1039 2531 suos,
1057 2472 1093 2521 ut
1106 2461 1137 2522 iu
1149 2480 1217 2523 con·

119 2566 222 2634 spectu
245 2561 308 2630 ejus
338 2555 520 2614 committere
544 2574 579 2613 ea
606 2553 776 2633 praesertim,
800 2575 925 2633 quorum
955 2554 1099 2617 nonnulla
1123 2554 1216 2635 capite

119 2648 232 2707 sancita
244 2659 322 2717 sunt,
334 2668 427 2725 neque
440 2647 574 2706 timerent
588 2665 682 2724 neque
697 2649 912 2721 erubescerent,
927 2668 1013 2726 quam
1023 2636 1148 2727 poenam
1161 2669 1218 2709 nou

119 2741 259 2801 meruisse
287 2739 478 2800 existimatis?
523 2740 588 2816 Ego
607 2738 682 2798 enim
705 2739 774 2799 inde
797 2740 905 2819 colligo
925 2762 962 2799 ne
986 2741 1074 2801 istum
1099 2742 1217 2821 quidem

120 2853 205 2894 suum
227 2835 351 2895 coluisse
365 2844 488 2913 patrem.
530 2833 607 2891 Nam
622 2832 646 2891 si
667 2852 733 2892 eum
757 2834 818 2913 ipse
838 2835 976 2895 coluisset
999 2857 1035 2895 ac
1054 2838 1215 2906 metuisset,

119 2926 195 2986 idem
210 2938 239 2988 et
253 2929 289 2987 ab
311 2928 374 2988 istis
389 2927 443 2986 sibi
456 2925 543 2985 tribui
558 2925 728 3003 postularet.

160 3023 185 3078 9.
205 3022 286 3101 Cape
300 3022 394 3100 legem
411 3021 448 3078 de
460 3018 646 3089 contumelia,
661 3030 691 3078 et
704 3020 825 3079 alteram
839 3021 877 3080 do
891 3021 1125 3100 grassatoribus:
1146 3024 1216 3085 istos

119 3115 195 3173 enim
211 3116 239 3173 in
255 3114 357 3173 harum
371 3125 525 3191 utramque
539 3111 719 3171 commisisse
734 3111 877 3173 videbitis.

624 3281 716 3339 LEX.

120 3402 173 3458 His
193 3402 306 3478 legibus
320 3400 449 3476 utrisque
466 3397 570 3475 Conon
592 3397 652 3457 suis
671 3397 733 3457 istis
755 3396 840 3455 factis
856 3405 984 3454 tenetur:
1007 3416 1076 3456 rrum
1095 3412 1127 3459 et
1147 3422 1215 3461 con-

119 3493 264 3551 tumeliam
278 3493 360 3562 fecit,
384 3501 413 3550 et
427 3491 555 3549 vestibus
570 3491 712 3570 spoliavit.
755 3490 837 3557 Quas
854 3490 877 3548 si
900 3488 929 3546 in
952 3487 1133 3553 ulciscendis
1155 3494 1214 3556 istis

119 3602 256 3662 usurpare
271 3582 424 3652 noluimus,
439 3592 468 3640 et
490 3601 542 3639 nos
566 3582 698 3640 lromines
718 3580 809 3659 quieti
822 3580 1006 3657 modestique
1020 3581 1115 3645 videri
1129 3587 1215 3646 debe·

116 3695 192 3746 mus,
208 3685 238 3735 ct
250 3674 304 3733 iste
320 3694 403 3752 aeque
418 3675 578 3752 improbus.
621 3675 709 3741 Quod
731 3675 754 3733 si
769 3674 840 3751 quid
854 3674 921 3731 mibi
942 3674 1110 3750 accidisset,
1127 3680 1215 3739 credie

118 3784 146 3830 ct
160 3767 393 3849 gravissimarum
408 3787 557 3845 poenarum
573 3778 653 3826 esset
667 3788 741 3827 reus.
777 3767 945 3826 Brauronirc
960 3779 1038 3828 certe
1054 3773 1215 3833 sacerdotis

118 3875 239 3943 patrem,
255 3863 303 3942 qui
323 3870 357 3919 ut
377 3860 407 3918 in
420 3861 558 3919 confesso
571 3862 627 3921 fuit
643 3863 705 3940 ipse
726 3861 909 3921 intersectum
923 3882 982 3919 non
998 3863 1148 3944 attigerat,
1164 3866 1214 3926 sed

116 3961 328 4020 interfectorem
340 3955 509 4014 cohortatus
522 3957 616 4015 fuerat
630 3967 662 4016 ut
676 3956 811 4029 caederet,
819 3956 897 4035 ejicit
910 3956 939 4014 in
954 3957 1216 4021 exsiliumsenatus

117 4074 152 4113 ex
162 4055 326 4132 Areopago.
339 4048 456 4108 Merito.
472 4049 503 4105 Si
519 4049 595 4106 enim
606 4050 624 4107 ii
639 4051 688 4128 qui
703 4050 811 4110 adsunt
822 4049 896 4108 adeo
906 4070 964 4109 non
978 4052 1138 4130 prohibent
1152 4076 1214 4132 eos,

116 4148 165 4226 qui
179 4147 226 4207 vel
239 4165 291 4225 per
305 4143 474 4204 ebrietatem
489 4142 535 4198 vel
554 4162 590 4200 ex
611 4143 761 4202 iracundia
774 4141 820 4201 vel
835 4142 892 4201 alia
912 4145 1047 4223 quapiam
1067 4147 1107 4206 de
1123 4168 1215 4208 causa

117 4258 238 4317 peecare
253 4238 417 4307 instituunt,
432 4244 465 4293 ut
477 4234 531 4312 ipsi
543 4235 630 4293 etiam
644 4236 774 4307 incitent,
790 4235 871 4293 nulla
886 4257 953 4315 spes
965 4237 1067 4298 salutis
1079 4252 1216 4321 superest

114 4332 140 4388 ei
154 4335 201 4408 qui
220 4333 249 4390 in
268 4330 399 4390 bomiues
422 4327 588 4408 petulantes
613 4327 757 4399 inciderit,
773 4327 824 4387 sed
846 4329 955 4388 tamdiu
975 4348 1075 4389 eorum
1092 4335 1215 4395 ferenda

103 4425 281 4500 protervitas
296 4423 359 4493 erit,
376 4421 446 4482 dum
460 4421 514 4501 ipsi
530 4420 746 4501 defatigentur:
770 4421 797 4479 id
812 4422 892 4499 quod
910 4421 978 4479 mibi
993 4423 1109 4484 accidit.
