2662 4792
162 258 221 314 840
592 254 815 318 EPISTOLAE.

162 419 279 471 aetatem
293 411 510 472 afflictationem
521 412 602 472 illam
616 413 743 492 corporis
756 411 866 493 perpeti
879 430 936 471 non
950 418 1091 491 poteram.
1118 409 1250 490 Deniqm

161 515 192 563 et
211 523 264 564 ros
286 525 346 564 non
368 504 454 564 nolle¹
468 507 608 584 putabam
632 505 712 565 illam
735 504 940 565 contumeliam
963 523 1012 563 me
1032 502 1174 583 effugere,
1187 522 1249 582 quie

161 615 256 675 neque
279 617 331 656 vos
355 597 510 677 quicquam
528 597 649 676 juvabat
670 609 702 656 et
721 616 769 657 me
783 596 934 675 perdebat.
975 595 1028 655 Me
1046 588 1251 655 autem-remi

161 708 257 767 neque
270 694 440 767 cujusquam
462 690 581 750 alterius
600 690 691 750 fuisse
710 690 884 763 studiosum,
899 689 997 749 multis
1014 686 1134 747 indiciis
1153 687 1252 765 depre-

162 780 305 840 hendetis.
347 782 424 841 Nam
439 784 509 841 etin
522 785 624 842 urbem
638 803 684 842 me
695 782 814 853 contuli,
829 782 931 841 nonin
947 800 1004 859 qua
1018 799 1064 839 mc
1079 778 1252 858 splendidis·

163 873 235 932 sime
252 872 395 932 victumm
416 875 602 946 confiderem,
618 875 670 933 sed
683 895 741 953 quo
755 875 841 934 etiam
859 875 982 953 majores
1001 886 1133 945 nostros,
1148 873 1253 933 Persici

160 963 229 1022 belli
250 963 463 1024 discriminibus
485 965 708 1036 circumventos,
722 966 836 1024 venisse
858 967 1044 1035 sciebam,·et
1068 985 1159 1043 quam
1176 967 1254 1029 vobis

160 1074 226 1115 esse
239 1056 540 1117 benevolentissimam
554 1056 764 1134 intelligebam.
806 1057 862 1115 Est
874 1067 969 1117 autem
984 1076 1021 1116 ea
1032 1057 1254 1131 Troezeniomm,

162 1147 210 1207 cui
231 1158 388 1227 precorut
410 1149 450 1207 dii
475 1150 658 1227 potissimum
680 1138 858 1207 iminortales
881 1159 943 1207 tum
965 1149 1004 1207 ob
1023 1149 1254 1209 benevolentiam

161 1260 232 1320 erga
252 1259 304 1301 vos
321 1249 383 1300 tum
397 1243 434 1301 ob
447 1241 555 1301 collata
569 1242 598 1300 in
612 1262 660 1301 me
672 1240 813 1301 beneficia
827 1242 909 1309 ¹bene
922 1241 1011 1300 velint
1024 1260 1143 1314 omncs,
1155 1241 1255 1303 deinde

162 1345 196 1393 ut
208 1344 238 1393 et
250 1354 306 1413 ego
320 1354 339 1393 a
351 1335 433 1393 vobis
448 1347 638 1395 conservatus
650 1333 773 1412 gratiam
787 1333 895 1392 referre
910 1332 1030 1412 possim.
1075 1333 1112 1391 In
1126 1348 1255 1413 quacum

161 1427 280 1506 quidam
295 1426 477 1507 gratificandi
491 1427 560 1487 mihi
576 1426 683 1501 studio,
696 1445 749 1486 vos
763 1428 801 1486 ob
814 1426 902 1485 istum
919 1425 948 1483 in
969 1443 1016 1484 me
1037 1424 1202 1486 admissum
1215 1446 1254 1487 er·

161 1538 256 1579 rorem
279 1520 490 1598 reprehendere
507 1529 692 1592 conarentur,
712 1539 769 1598 ego
785 1538 900 1579 summa
912 1536 971 1597 qua
982 1536 1030 1576 me
1053 1516 1157 1578 decuit
1170 1522 1254 1597 arqui·

163 1621 222 1671 tate
230 1632 284 1671 vos
294 1611 423 1671 defendi.
446 1613 577 1693 Eamque
591 1615 628 1672 ob
643 1631 762 1671 causam
775 1612 806 1670 in
816 1611 916 1690 primis
925 1610 1036 1669 factum
1050 1628 1119 1670 esse
1132 1610 1256 1679 arbitror,

164 1715 198 1764 ut
218 1704 289 1762 mihi
309 1703 401 1763 honos
422 1706 540 1785 publice
565 1705 729 1765 haberetur.
772 1704 850 1764 Cum
870 1723 938 1765 vero
960 1702 1119 1762 hominum
1137 1706 1256 1763 benevo-

161 1796 279 1855 lentiam
302 1795 444 1874 insignem
460 1797 577 1876 quidem
598 1798 688 1871 illam,
712 1797 765 1856 sed
788 1797 865 1857 vires
888 1799 918 1856 in
940 1796 1101 1876 praesentia
1123 1810 1190 1856 esse
1210 1796 1256 1855 mi·

138 1926 142 1933 -
163 1906 260 1961 nores,
283 1906 441 1963 cernerem,
463 1890 613 1968 digressus
634 1890 665 1949 in
686 1890 817 1968 Neptuni
839 1891 980 1969 templum
1001 1888 1031 1947 in
1054 1888 1196 1948 Calauria
1215 1908 1256 1947 mc

164 1980 286 2054 contuli,
299 2000 358 2041 non
376 1982 464 2042 modo
485 1982 565 2061 quod
585 1991 705 2062 propter
727 1982 854 2042 numinis
874 1982 1045 2061 religionem
1060 2000 1109 2041 me
1126 1981 1165 2040 ibi
1180 1982 1258 2042 tutio·

164 2091 226 2132 rem
248 2074 309 2134 sore
329 2075 595 2154 spero-necenim
608 2075 640 2134 id
655 2076 840 2158 exploratum
854 2075 969 2135 habeo:
992 2093 1061 2134 nam
1074 2094 1144 2153 quae
1166 2094 1212 2135 res
1231 2076 1256 2134 in

84 2215 88 2221 .
164 2167 285 2226 aliorum
298 2178 445 2247 potestate
460 2169 523 2229 sitae
539 2177 617 2240 sunt,
631 2187 674 2230 eas
690 2187 772 2247 spem
786 2178 903 2229 tenuem
922 2176 953 2226 et
975 2169 1133 2226 obscuram
1151 2166 1257 2246 pericli·

164 2262 239 2320 tanti
253 2262 493 2342 suppeditant-2,
509 2262 561 2322 sed
580 2282 616 2321 eo
630 2262 725 2321 etiam
740 2264 821 2340 quod
843 2262 913 2322 hinc
932 2260 1063 2341 quotidie
1080 2259 1207 2339 patriam
1220 2259 1257 2319 in·

166 2364 260 2429 tueor,
283 2355 314 2413 in
338 2375 426 2434 quam
447 2364 537 2415 tantae
557 2354 626 2414 mihi
648 2374 711 2414 sum
734 2355 948 2416 benevolentiae
962 2355 1112 2427 conscius,
1125 2364 1256 2433 quantam

165 2447 277 2508 utinam
299 2448 412 2508 avobis
431 2466 603 2525 consequar.
645 2447 692 2505 Ne
713 2446 811 2524 igitur,
824 2448 1031 2516 Athenienses,
1046 2447 1158 2505 diutius
1179 2447 1257 2505 etiam

165 2539 212 2598 his
235 2539 319 2600 malis
338 2560 439 2618 angar,
454 2559 490 2598 ea
511 2539 581 2598 mihi
605 2538 797 2609 decernitotc,
814 2558 880 2616 quae
896 2539 958 2616 jam
973 2536 1037 2595 aliis
1052 2557 1173 2615 quoque
1193 2558 1259 2597 non·

166 2632 254 2690 nullis
276 2632 425 2703 tribuistis,
440 2642 473 2689 ut
495 2651 590 2710 neque
613 2631 765 2708 indignum
780 2631 863 2690 vohis
886 2630 994 2708 aliquid
1018 2629 1089 2687 mihi
1106 2632 1258 2699 usuveniat‚

166 2742 262 2800 neque
276 2723 338 2782 aliis
353 2723 515 2801 supplicare
537 2741 643 2800 cogar:
664 2721 695 2779 id
720 2723 801 2799 quod
822 2742 876 2780 nec
891 2723 972 2780 vobis
995 2723 1156 2781 honestum
1178 2734 1258 2782 esset

168 2815 257 2887 Nam,
271 2816 294 2874 si
308 2825 406 2876 vestra
419 2814 570 2874 iracundia
584 2814 695 2894 placari
709 2815 780 2872 mihi
793 2815 874 2874 nulla
884 2815 995 2874 ratione
1009 2827 1119 2894 potest,
1135 2818 1208 2876 mori
1219 2835 1258 2874 me

169 2909 346 2988 praestiterit.
387 2910 458 2968 Jure
481 2917 576 2967 autem
600 2908 656 2967 hoc
683 2909 778 2967 animo
801 2929 865 2968 esse
886 2929 933 2967 me
952 2929 1046 2987 neque
1066 2909 1130 2968 sine
1151 2931 1182 2968 rc
1203 2911 1259 2967 hoec

163 3003 277 3083 jactare
297 3003 442 3064 credetis:
463 3023 532 3062 nam
556 3012 587 3061 et
609 3011 734 3062 vestram
754 3003 957 3061 auctoritatem
979 3002 1052 3060 subii
1075 3013 1107 3061 et
1123 3002 1259 3082 judicium

170 3114 231 3153 non
248 3094 416 3169 detrectavi,
430 3105 464 3154 ut
485 3115 580 3174 neque
607 3095 757 3154 veritatem
781 3095 962 3154 indefensam
986 3095 1152 3154 desererem
1177 3114 1260 3174 neque

169 3196 296 3246 vestrum
311 3189 464 3268 quisquam
479 3188 508 3246 in
522 3209 568 3247 me
583 3198 758 3267 potestatem
773 3208 831 3247 non
845 3189 976 3259 haberet,
993 3188 1044 3247 scd
1061 3198 1092 3246 ut
1106 3198 1204 3248 vestro
1222 3208 1261 3247 ar·

169 3279 275 3338 bitratu
298 3281 335 3340 de
360 3302 407 3340 me
432 3282 614 3340 statueretis:
637 3281 795 3339 arbitrabar
819 3283 897 3340 enim
920 3302 981 3351 eos,
996 3281 1045 3358 qui
1067 3283 1168 3340 omnia
1181 3282 1208 3339 in
1221 3299 1261 3338 me

121 3438 130 3447 ,
170 3383 339 3431 ornamenta
352 3372 555 3445 contulissent,
570 3375 655 3433 ctiam
670 3393 741 3451 erga
758 3393 805 3432 me
834 3374 858 3432 si
882 3375 922 3433 ita
945 3373 1066 3445 vellent,
1081 3371 1263 3453 delinquendi

170 3462 277 3519 hahere
291 3473 466 3539 potestatem
489 3476 632 3543 oportere.
676 3466 753 3534 Quia
767 3487 834 3525 vero
848 3467 929 3544 justa
951 3467 1077 3538 fortuna,
1092 3467 1134 3526 ita
1155 3469 1198 3526 uti
1217 3467 1264 3525 de-

171 3553 241 3624 cuit,
251 3551 356 3631 injusta
369 3567 505 3634 superata
518 3559 563 3617 bis
578 3561 659 3619 vobis
672 3559 775 3618 iisdem
787 3559 824 3617 de
839 3561 924 3618 rebus
939 3560 1084 3618 statuendi
1099 3561 1263 3619 facultatem

171 3645 262 3718 dedit,
275 3660 427 3726 propterea
449 3652 527 3727 quod
543 3652 613 3710 nihil
627 3654 655 3712 in
677 3673 724 3711 me
738 3654 785 3711 cui
807 3653 917 3711 mederi
938 3672 995 3711 non
1010 3652 1098 3712 liceat
1119 3653 1264 3721 statuistis,

171 3749 315 3799 servatote
330 3760 387 3811 me,
409 3741 617 3817 Athenienses,
637 3758 667 3805 ct
681 3765 747 3824 quae
763 3758 824 3805 tum
838 3747 921 3804 vobis
942 3745 1011 3823 ipsis
1030 3755 1092 3803 tum
1115 3767 1164 3805 me
1181 3747 1265 3823 digna

172 3843 240 3893 sunt
260 3833 449 3894 decernitote.
494 3836 573 3894 Nihil
595 3840 672 3896 enirn
687 3858 704 3897 a
719 3858 763 3897 me
777 3858 928 3919 perperam
943 3848 973 3895 et
994 3839 1136 3898 scelerate
1159 3840 1265 3899 lactum

171 3928 330 4008 reperietis
349 3949 444 4007 neque
465 3949 510 3988 me
524 3933 725 3991 commeritum
739 3943 772 3990 ut
791 3933 835 3992 vel
857 3930 1000 4009 dignitate
1016 3932 1064 3991 vel
1080 3934 1140 3992 vita
1153 3933 1264 4011 spolier,

173 4024 268 4082 sedet
280 4022 524 4082 multitudinisita
538 4044 603 4083 csse
618 4026 782 4084 studiosum
801 4025 894 4103 utqui
910 4025 1044 4097 maxime,
1062 4026 1184 4104 nequid
1199 4024 1264 4083 invi·

173 4117 288 4176 diosum
308 4117 442 4188 scribam,
458 4128 486 4176 et
501 4117 693 4195 pulcherrima
707 4139 743 4177 cx
757 4119 803 4177 his
818 4118 866 4197 qui
885 4119 982 4177 adhuc
996 4120 1098 4178 vivunt
1121 4139 1174 4197 pro
1189 4116 1264 4176 vobis

174 4210 303 4285 gerenda
313 4211 487 4288 suscepisse,
499 4209 680 4286 maximaque
692 4232 708 4269 c
719 4214 789 4271 rucis
804 4212 964 4291 aequalibus
978 4211 1191 4271 benevolentiae
1201 4229 1265 4287 erga

174 4323 226 4360 vos
241 4304 348 4363 indicia
358 4304 518 4384 reliquisse.
563 4305 666 4381 Neque
682 4325 749 4364 vero
763 4307 915 4384 quisquam
927 4317 1054 4365 vestrum
1070 4315 1164 4383 putet,
1179 4304 1261 4362 Athe·

169 4392 297 4466 irienses,
316 4417 362 4456 me
377 4397 422 4458 vel
436 4418 471 4457 ex
486 4396 682 4458 imbecillitate
706 4397 792 4457 animi
809 4400 854 4459 vel
875 4398 934 4459 ulla
958 4398 1014 4460 alia
1033 4399 1109 4477 turpi
1123 4398 1160 4457 de
1180 4413 1264 4456 causa
