2662 4792
133 267 191 327 738
407 269 575 333 CONTRA
597 268 953 341 DIONYSODORUM.

133 420 299 501 decipienti,
317 435 348 485 et
363 426 572 488 transactiones
595 446 662 488 curn
683 427 801 507 reliquis
825 426 1017 488 creditoribus
1043 424 1102 483 huc
1125 423 1223 483 confe-

132 506 227 575 renti}
249 517 301 577 sed
322 517 361 581 ad
378 520 574 599 syngrapham
597 540 663 580 aum
685 528 833 591 revocate,
854 530 885 582 et
905 519 944 579 ad
966 538 1003 579 ea
1019 517 1087 598 jura
1105 534 1173 594 quar
1194 514 1223 574 in

132 609 299 688 syngrapha
312 611 511 672 continentur.
611 687 614 693 Ι
864 628 869 635 ’

176 702 222 758 10.
245 701 319 761 Nam
334 703 407 763 illud
422 704 491 763 mihi
504 704 627 783 amplius
641 705 786 765 edocendi
806 704 886 774 estis,
902 723 961 783 quo
975 702 1030 762 iste
1041 700 1222 780 potissimum

131 789 240 863 nititur,
256 812 399 867 asserens,
413 806 585 855 conservata
597 816 681 868 nave,
695 795 875 856 reddendum
889 815 956 854 esse
974 804 1117 853 mutuum.
1161 790 1223 850 Nos

129 899 245 960 quoque
267 888 445 947 contendere
467 888 508 947 sic
529 907 595 947 esse
616 888 793 948 iaciendum.
836 889 934 947 Lubet
951 896 1047 946 autern
1069 905 1107 945 ex
1129 883 1222 962 teipso

130 992 271 1051 quaerere,
284 989 381 1038 utrum
400 980 437 1039 de
455 990 577 1039 navent
596 980 718 1059 perdita,
734 1002 770 1041 an
785 990 902 1043 verant
915 981 952 1039 de
973 977 1111 1038 incolumi
1131 976 1222 1037 disra-

130 1067 199 1125 ras?
229 1068 305 1129 Nam
320 1073 440 1131 sinaris
455 1083 593 1151 corrupta
607 1084 652 1130 est
665 1083 753 1152 atque
768 1072 884 1144 interiit,
898 1072 968 1150 quid
988 1072 1026 1131 de
1039 1069 1136 1129 usuris
1152 1087 1221 1128 con·

130 1160 236 1232 tendis,
262 1172 293 1223 et
316 1165 389 1242 petis
416 1175 450 1224 ut
474 1184 576 1224 usuras
599 1163 783 1225 Rhodienses
806 1163 1006 1243 accipiamus?
1037 1164 1138 1232 Quum
1165 1179 1221 1221 nec

130 1272 234 1314 usuras
244 1277 299 1317 nec
312 1268 418 1317 sortem
433 1278 485 1317 nos
501 1258 629 1337 recipere
640 1258 805 1318 conveniat.
840 1259 892 1317 Sin
907 1256 1062 1317 incolumis
1081 1266 1127 1315 est
1142 1252 1222 1323 naris

128 1356 159 1405 et
172 1366 230 1407 non
244 1348 361 1423 interiit,
376 1370 427 1411 cur
440 1351 522 1411 nobis
535 1351 688 1429 pecuniam
702 1371 760 1411 non
775 1351 883 1423 reddis,
897 1369 984 1429 quarn
1006 1349 1036 1408 in
1055 1346 1221 1428 syngrapha

130 1441 311 1516 promisisti?

172 1534 218 1592 ll.
241 1534 328 1594 Unde
342 1537 430 1615 igitur
444 1537 605 1597 certissime
613 1536 809 1615 cognoscetis,
824 1535 1029 1606 Athenienses,
1041 1552 1146 1594 navem
1157 1551 1219 1593 esse

128 1628 349 1686 conservatam?
381 1629 510 1688 Maxime
531 1649 568 1688 ex
598 1648 632 1688 eo
654 1629 719 1707 ipso
743 1629 822 1708 quod
847 1649 881 1689 ea
905 1627 934 1697 in
957 1627 1143 1705 navigatione
1165 1634 1218 1697 est,

128 1736 223 1796 neque
246 1720 340 1780 minus
363 1732 460 1781 tamen
485 1742 521 1782 ex
543 1720 612 1799 ipsis
629 1721 759 1780 ¹istorum
784 1721 888 1780 verbis.
930 1720 1086 1779 Postulant
1110 1719 1219 1779 enimn

127 1810 210 1870 nohis
225 1824 257 1870 ut
272 1825 378 1873 sortem
392 1815 565 1894 recipiamus
579 1824 609 1872 et
622 1824 732 1892 partem
746 1813 893 1892 quandam
915 1832 1077 1881 usurarum,
1099 1822 1134 1871 ut
1145 1829 1218 1890 que,

126 1921 194 1962 cunr
207 1905 342 1975 evaserit,
358 1925 415 1964 non
430 1917 528 1966 tamen
542 1924 657 1965 omnam
672 1924 789 1964 currum
802 1906 970 1965 absolverit.
1013 1906 1152 1983 Spectata
1169 1920 1217 1963 atr·

127 2003 197 2065 tem,
209 1996 414 2066 Athenienses,
429 2017 530 2068 nosne,
541 2017 579 2057 au
593 1997 640 2056 isti
657 1995 832 2076 syngraphae
843 2000 910 2074 jure
920 2006 1048 2065 utantur,
1060 1996 1112 2075 qui
1126 2012 1217 2076 nequa

125 2086 156 2146 in
166 2088 357 2151 constitutum
370 2102 531 2151 mercatum
547 2090 729 2169 navigarunt,
745 2090 797 2149 sed
813 2090 949 2150 Rhodum
963 2090 1033 2148 etin
1043 2086 1217 2170 AEgypturni

127 2180 166 2240 Et
179 2194 350 2243 conservata
364 2203 448 2253 nave,
463 2203 522 2242 non
537 2183 661 2263 perdite,
676 2202 707 2242 se
726 2182 923 2242 remissionem
945 2201 1101 2241 usurarum
1119 2183 1215 2241 insen·

125 2285 206 2333 turos
220 2286 338 2354 sperant
357 2276 524 2356 syngrapha
536 2275 653 2346 violata,
667 2293 734 2335 cunr
754 2274 806 2354 ipsi
830 2295 867 2335 ex
887 2274 1074 2352 navigatione
1095 2273 1217 2335 frumen·

125 2366 199 2427 taria
218 2367 381 2427 Rhodiensi
405 2387 530 2446 magnos
552 2377 682 2445 quastus
701 2366 831 2439 fecerint,
855 2378 1044 2444 nostramque
1065 2368 1217 2445 pecuniam

126 2459 249 2518 alterurn
260 2461 320 2538 jam
336 2478 443 2518 annum
460 2469 580 2518 teneant
592 2468 622 2518 et
635 2468 798 2519 exerceant.
842 2460 956 2519 Novum
974 2468 1072 2518 autem
1088 2470 1120 2519 et
1133 2459 1216 2519 inusi-

125 2559 217 2608 tatum
231 2551 370 2628 quiddam
386 2550 432 2609 isti
450 2548 617 2608 moliuntur.
662 2551 737 2609 Nam
758 2572 846 2628 quum
868 2562 974 2610 sortem
998 2552 1133 2629 pecuniae
1156 2571 1215 2612 rnn-

125 2652 183 2698 tuae
198 2641 290 2711 nobis,
306 2651 336 2698 ut
350 2651 464 2699 servata
482 2661 566 2713 nave,
586 2642 755 2702 restituant:
778 2645 873 2703 usuris
893 2643 1072 2703 fraudandos
1087 2654 1214 2717 censent,

124 2742 261 2810 tanquam
277 2732 401 2810 perdita.
442 2733 615 2812 Syngrapha
629 2753 696 2792 vero
711 2755 769 2793 non
784 2737 864 2795 aliud
879 2738 947 2797 dicit
962 2738 998 2796 de
1016 2737 1124 2810 usuris,
1139 2735 1214 2797 aliud

123 2825 160 2884 de
174 2835 250 2884 sorte
265 2836 385 2884 mutua:
409 2825 460 2884 sed
474 2827 639 2886 communia
647 2826 715 2905 jura
728 2829 765 2886 dc
777 2829 823 2888 his
835 2830 966 2907 utrisque
978 2840 1058 2902 sunt,
1072 2843 1104 2890 et
1116 2829 1213 2891 eadem

123 2918 295 2997 reposcendi
309 2927 448 2996 potestas,
491 2918 597 2979 Recita
611 2918 678 2977 milri
695 2918 793 2980 denuo
807 2921 1013 3001 syngrapham.

535 3085 799 3150 SYNGRAPHA.

153 3232 248 3279 Athenis
259 3234 283 3279 in
295 3234 432 3295 AEgyptnur,
444 3243 508 3281 etex
521 3236 624 3296 AEgypto
637 3235 745 3281 Athenas.

120 3343 243 3416 Auditis,
260 3347 467 3416 Athenienses,
482 3349 672 3419 Athenis,
686 3348 789 3426 inquit,
814 3348 851 3405 in
868 3347 902 3403 AE
911 3367 957 3426 gy
968 3365 987 3425 p
998 3357 1010 3404 t
1020 3366 1040 3404 u
1050 3365 1091 3419 nr,
1103 3368 1128 3433 e
1139 3359 1151 3407 t
1171 3366 1214 3407 ex

120 3435 291 3516 AEgypto
319 3439 511 3500 Athenas.
554 3441 744 3520 Dicreliqua.

529 3593 790 3656 SYNGRAPHA.

117 3717 230 3766 Incolumi
241 3735 334 3766 reversa
344 3735 402 3766 nure
412 3719 435 3766 in
448 3721 570 3769 Piraeum.

115 3832 246 3905 dedices,
269 3832 359 3893 tacitis
385 3833 503 3894 omniuo
529 3837 601 3896 ratio
615 3837 695 3896 vobis
714 3847 759 3896 est
776 3836 861 3909 hujus
877 3853 974 3893 causae
995 3833 1212 3913 dijudicandas

114 3947 208 4006 neque
222 3925 320 3985 multis
334 3924 427 3984 verbis
444 3935 490 3985 est
504 3946 588 4005 opus.
632 3929 744 3987 Navem
763 3927 840 3986 enim
854 3925 946 3984 luisse
966 3939 1168 3989 conservatam
1182 3940 1214 3991 et

112 4040 178 4080 esse
199 4020 383 4088 incolumem,
398 4018 485 4077 etiam
505 4018 552 4078 isti
575 4020 629 4099 ipsi
643 4022 835 4081 confitentur:
855 4018 962 4097 alioqui
984 4039 1082 4098 neque
1101 4033 1211 4082 sortem

112 4113 268 4172 redderent
285 4131 339 4171 nec
356 4130 505 4170 usurarum
520 4123 632 4190 partem
651 4115 751 4173 ullam.
794 4112 838 4171 Ac
849 4119 851 4125 '
862 4131 921 4170 non
944 4112 1088 4189 perducta
1111 4126 1159 4174 est
1180 4115 1211 4175 in

110 4202 262 4264 Piraeeum.
304 4204 347 4264 Eo
361 4205 424 4284 ipso
439 4223 491 4263 nos
511 4204 671 4265 creditores
695 4206 826 4281 injuriam
848 4204 972 4264 dicimus
993 4205 1054 4264 fieri
1069 4209 1165 4280 nobis,
1180 4218 1211 4268 et

108 4313 159 4353 vos
172 4315 354 4367 accusamus,
366 4297 446 4376 quod
460 4298 489 4355 in
504 4297 695 4357 constitutum
709 4310 869 4358 mercatum
883 4317 941 4355 non
956 4299 1112 4377 appulerit.
1134 4300 1209 4360 Dio·

104 4388 270 4469 nysodorus
283 4400 382 4449 autern
395 4409 426 4449 se
440 4410 562 4468 peccare
577 4401 666 4468 negat
680 4402 797 4471 propter
810 4389 868 4450 hoc
882 4389 993 4469 ipsum:
1016 4410 1112 4470 neque
1127 4392 1206 4453 enirn
