<?xml version="1.0" encoding="UTF-8"?>
<!DOCTYPE html PUBLIC "-//W3C//DTD XHTML 1.0 Transitional//EN"
    "http://www.w3.org/TR/xhtml1/DTD/xhtml1-transitional.dtd">
<html xmlns="http://www.w3.org/1999/xhtml" xml:lang="en" lang="en">
 <head>
  <title>
</title>
<meta http-equiv="Content-Type" content="text/html;charset=utf-8" />
  <meta name='ocr-system' content='tesseract 3.04.00' />
  <meta name='ocr-capabilities' content='ocr_page ocr_carea ocr_par ocr_line ocrx_word'/>
</head>
<body>
  <div class='ocr_page' id='page_1' title='image "./demosthenisetsc00amergoog_0189.png"; bbox 0 0 2662 4792; ppageno 0'>
   <div class='ocr_carea' id='block_1_1' title="bbox 121 250 899 315">
    <p class='ocr_par' dir='ltr' id='par_1_1' title="bbox 121 250 899 315">
     <span class='ocr_line' id='line_1_1' title="bbox 121 250 899 315; baseline 0.003 -4"><span class='ocrx_word' id='word_1_1' title='bbox 121 253 180 313; x_wconf 84' lang='lat'>680</span> <span class='ocrx_word' id='word_1_2' title='bbox 396 250 610 313; x_wconf 84' lang='lat' dir='ltr'>ADVERSUS</span> <span class='ocrx_word' id='word_1_3' title='bbox 632 250 899 315; x_wconf 82' lang='lat' dir='ltr'>TlMOTHEUM.</span> 
     </span>
    </p>
   </div>
   <div class='ocr_carea' id='block_1_2' title="bbox 104 405 1218 4488">
    <p class='ocr_par' dir='ltr' id='par_1_2' title="bbox 117 405 1218 1134">
     <span class='ocr_line' id='line_1_2' title="bbox 119 405 1218 487; baseline 0.004 -20"><span class='ocrx_word' id='word_1_4' title='bbox 119 406 251 468; x_wconf 88' lang='lat' dir='ltr'>oratione</span> <span class='ocrx_word' id='word_1_5' title='bbox 265 405 408 487; x_wconf 78' lang='lat' dir='ltr'><strong>deceptis,</strong></span> <span class='ocrx_word' id='word_1_6' title='bbox 422 428 454 468; x_wconf 89' lang='lat' dir='ltr'>se</span> <span class='ocrx_word' id='word_1_7' title='bbox 467 406 539 468; x_wconf 90' lang='lat' dir='ltr'><strong>nihil</strong></span> <span class='ocrx_word' id='word_1_8' title='bbox 554 407 672 476; x_wconf 85' lang='lat' dir='ltr'>debere,</span> <span class='ocrx_word' id='word_1_9' title='bbox 686 426 739 475; x_wconf 87' lang='lat' dir='ltr'>nos</span> <span class='ocrx_word' id='word_1_10' title='bbox 749 407 879 486; x_wconf 89' lang='lat' dir='ltr'>pecuniis</span> <span class='ocrx_word' id='word_1_11' title='bbox 890 405 1218 473; x_wconf 84' lang='lat' dir='ltr'>fraudandos-ueces-</span> 
     </span>
     <span class='ocr_line' id='line_1_3' title="bbox 119 498 1218 573; baseline 0.003 -14"><span class='ocrx_word' id='word_1_12' title='bbox 119 500 229 560; x_wconf 89' lang='lat' dir='ltr'>sarium</span> <span class='ocrx_word' id='word_1_13' title='bbox 242 499 312 559; x_wconf 92' lang='lat' dir='ltr'>mihi</span> <span class='ocrx_word' id='word_1_14' title='bbox 325 499 439 560; x_wconf 90' lang='lat' dir='ltr'>videtur</span> <span class='ocrx_word' id='word_1_15' title='bbox 452 519 517 561; x_wconf 88' lang='lat' dir='ltr'>esse</span> <span class='ocrx_word' id='word_1_16' title='bbox 531 509 564 561; x_wconf 91' lang='lat' dir='ltr'>ut</span> <span class='ocrx_word' id='word_1_17' title='bbox 577 501 614 560; x_wconf 86' lang='lat' dir='ltr'>ab</span> <span class='ocrx_word' id='word_1_18' title='bbox 628 499 710 561; x_wconf 92' lang='lat' dir='ltr'>initio</span> <span class='ocrx_word' id='word_1_19' title='bbox 723 498 805 561; x_wconf 87' lang='lat' dir='ltr'>vobis</span> <span class='ocrx_word' id='word_1_20' title='bbox 819 498 917 560; x_wconf 85' lang='lat' dir='ltr'>omnia</span> <span class='ocrx_word' id='word_1_21' title='bbox 930 516 1168 573; x_wconf 86' lang='lat' dir='ltr'>commemorem,</span> <span class='ocrx_word' id='word_1_22' title='bbox 1187 510 1218 562; x_wconf 92' lang='lat' dir='ltr'>et</span> 
     </span>
     <span class='ocr_line' id='line_1_4' title="bbox 120 590 1216 672; baseline 0.002 -21"><span class='ocrx_word' id='word_1_23' title='bbox 120 602 187 671; x_wconf 80' lang='lat' dir='ltr'>qnoe</span> <span class='ocrx_word' id='word_1_24' title='bbox 200 592 353 665; x_wconf 77' lang='lat' dir='ltr'>debentur,</span> <span class='ocrx_word' id='word_1_25' title='bbox 364 602 396 653; x_wconf 91' lang='lat' dir='ltr'>et</span> <span class='ocrx_word' id='word_1_26' title='bbox 408 612 496 672; x_wconf 92' lang='lat' dir='ltr'>quam</span> <span class='ocrx_word' id='word_1_27' title='bbox 508 593 547 653; x_wconf 88' lang='lat' dir='ltr'>ad</span> <span class='ocrx_word' id='word_1_28' title='bbox 561 612 623 653; x_wconf 91' lang='lat' dir='ltr'>rem</span> <span class='ocrx_word' id='word_1_29' title='bbox 636 591 761 672; x_wconf 92' lang='lat' dir='ltr'>pecunia</span> <span class='ocrx_word' id='word_1_30' title='bbox 773 590 942 672; x_wconf 83' lang='lat' dir='ltr'>singulatim</span> <span class='ocrx_word' id='word_1_31' title='bbox 955 592 995 652; x_wconf 91' lang='lat' dir='ltr'>sit</span> <span class='ocrx_word' id='word_1_32' title='bbox 1008 611 1091 664; x_wconf 88' lang='lat' dir='ltr'>usus,</span> <span class='ocrx_word' id='word_1_33' title='bbox 1100 602 1134 654; x_wconf 87' lang='lat' dir='ltr'>et</span> <span class='ocrx_word' id='word_1_34' title='bbox 1140 602 1216 653; x_wconf 89' lang='lat' dir='ltr'>tem·</span> 
     </span>
     <span class='ocr_line' id='line_1_5' title="bbox 120 685 1214 767; baseline 0.001 -23"><span class='ocrx_word' id='word_1_35' title='bbox 120 704 189 764; x_wconf 89' lang='lat' dir='ltr'>pora</span> <span class='ocrx_word' id='word_1_36' title='bbox 202 686 307 765; x_wconf 88' lang='lat' dir='ltr'>quibus</span> <span class='ocrx_word' id='word_1_37' title='bbox 321 696 488 747; x_wconf 87' lang='lat' dir='ltr'>contractus</span> <span class='ocrx_word' id='word_1_38' title='bbox 506 687 601 746; x_wconf 86' lang='lat' dir='ltr'>factus</span> <span class='ocrx_word' id='word_1_39' title='bbox 621 696 676 746; x_wconf 91' lang='lat' dir='ltr'>est.</span> <span class='ocrx_word' id='word_1_40' title='bbox 718 685 828 767; x_wconf 30' lang='lat' dir='ltr'>Neque,</span> <span class='ocrx_word' id='word_1_41' title='bbox 838 705 907 746; x_wconf 92' lang='lat' dir='ltr'>vero</span> <span class='ocrx_word' id='word_1_42' title='bbox 921 706 974 745; x_wconf 91' lang='lat' dir='ltr'>nos</span> <span class='ocrx_word' id='word_1_43' title='bbox 993 706 1028 747; x_wconf 87' lang='lat' dir='ltr'>ea</span> <span class='ocrx_word' id='word_1_44' title='bbox 1041 686 1214 747; x_wconf 79' lang='lat' dir='ltr'>certoscire</span> 
     </span>
     <span class='ocr_line' id='line_1_6' title="bbox 118 776 1215 856; baseline 0.002 -21"><span class='ocrx_word' id='word_1_45' title='bbox 118 776 271 856; x_wconf 90' lang='lat' dir='ltr'>quisquam</span> <span class='ocrx_word' id='word_1_46' title='bbox 283 788 412 837; x_wconf 91' lang='lat' dir='ltr'>vestrum</span> <span class='ocrx_word' id='word_1_47' title='bbox 430 778 561 839; x_wconf 90' lang='lat' dir='ltr'>miretur:</span> <span class='ocrx_word' id='word_1_48' title='bbox 582 776 717 837; x_wconf 88' lang='lat' dir='ltr'>mensarii</span> <span class='ocrx_word' id='word_1_49' title='bbox 737 776 815 836; x_wconf 89' lang='lat' dir='ltr'>enim</span> <span class='ocrx_word' id='word_1_50' title='bbox 828 777 1054 838; x_wconf 83' lang='lat' dir='ltr'>commentarios</span> <span class='ocrx_word' id='word_1_51' title='bbox 1070 778 1215 853; x_wconf 83' lang='lat' dir='ltr'>conficere</span> 
     </span>
     <span class='ocr_line' id='line_1_7' title="bbox 119 867 1213 948; baseline 0.002 -21"><span class='ocrx_word' id='word_1_52' title='bbox 119 867 215 945; x_wconf 88' lang='lat' dir='ltr'>solent</span> <span class='ocrx_word' id='word_1_53' title='bbox 228 877 289 927; x_wconf 90' lang='lat' dir='ltr'>tum</span> <span class='ocrx_word' id='word_1_54' title='bbox 302 888 402 929; x_wconf 88' lang='lat' dir='ltr'>earum</span> <span class='ocrx_word' id='word_1_55' title='bbox 413 868 601 948; x_wconf 83' lang='lat' dir='ltr'>pecuniarum</span> <span class='ocrx_word' id='word_1_56' title='bbox 615 889 689 948; x_wconf 87' lang='lat' dir='ltr'>quas</span> <span class='ocrx_word' id='word_1_57' title='bbox 701 868 756 948; x_wconf 90' lang='lat' dir='ltr'>ipsi</span> <span class='ocrx_word' id='word_1_58' title='bbox 769 868 851 941; x_wconf 88' lang='lat' dir='ltr'>dant,</span> <span class='ocrx_word' id='word_1_59' title='bbox 861 879 891 929; x_wconf 91' lang='lat' dir='ltr'>et</span> <span class='ocrx_word' id='word_1_60' title='bbox 901 890 988 948; x_wconf 91' lang='lat' dir='ltr'>quern</span> <span class='ocrx_word' id='word_1_61' title='bbox 1002 870 1031 928; x_wconf 91' lang='lat' dir='ltr'>in</span> <span class='ocrx_word' id='word_1_62' title='bbox 1043 890 1140 943; x_wconf 89' lang='lat' dir='ltr'>usum,</span> <span class='ocrx_word' id='word_1_63' title='bbox 1152 881 1213 931; x_wconf 91' lang='lat' dir='ltr'>tum</span> 
     </span>
     <span class='ocr_line' id='line_1_8' title="bbox 119 961 1215 1042; baseline 0.005 -22"><span class='ocrx_word' id='word_1_64' title='bbox 119 981 219 1023; x_wconf 87' lang='lat' dir='ltr'>earum</span> <span class='ocrx_word' id='word_1_65' title='bbox 232 982 298 1038; x_wconf 87' lang='lat' dir='ltr'>quae</span> <span class='ocrx_word' id='word_1_66' title='bbox 309 961 387 1041; x_wconf 90' lang='lat' dir='ltr'>apud</span> <span class='ocrx_word' id='word_1_67' title='bbox 400 961 479 1042; x_wconf 89' lang='lat' dir='ltr'>ipsos</span> <span class='ocrx_word' id='word_1_68' title='bbox 493 962 689 1042; x_wconf 86' lang='lat' dir='ltr'>deponuntur,</span> <span class='ocrx_word' id='word_1_69' title='bbox 704 973 736 1021; x_wconf 91' lang='lat' dir='ltr'>ut</span> <span class='ocrx_word' id='word_1_70' title='bbox 753 961 808 1021; x_wconf 91' lang='lat' dir='ltr'>sibi</span> <span class='ocrx_word' id='word_1_71' title='bbox 822 972 892 1023; x_wconf 91' lang='lat' dir='ltr'>nota</span> <span class='ocrx_word' id='word_1_72' title='bbox 907 962 966 1027; x_wconf 88' lang='lat' dir='ltr'>sint</span> <span class='ocrx_word' id='word_1_73' title='bbox 978 982 1108 1042; x_wconf 85' lang='lat' dir='ltr'>expensa</span> <span class='ocrx_word' id='word_1_74' title='bbox 1123 974 1154 1024; x_wconf 87' lang='lat' dir='ltr'>et</span> <span class='ocrx_word' id='word_1_75' title='bbox 1166 982 1215 1025; x_wconf 83' lang='lat' dir='ltr'>uc·</span> 
     </span>
     <span class='ocr_line' id='line_1_9' title="bbox 117 1054 598 1134; baseline 0.002 -22"><span class='ocrx_word' id='word_1_76' title='bbox 117 1063 205 1134; x_wconf 89' lang='lat' dir='ltr'>cepta</span> <span class='ocrx_word' id='word_1_77' title='bbox 214 1054 244 1113; x_wconf 90' lang='lat' dir='ltr'>in</span> <span class='ocrx_word' id='word_1_78' title='bbox 258 1054 417 1115; x_wconf 89' lang='lat' dir='ltr'>rationibus</span> <span class='ocrx_word' id='word_1_79' title='bbox 431 1055 598 1115; x_wconf 81' lang='lat' dir='ltr'>referendis.</span> 
     </span>
    </p>

    <p class='ocr_par' dir='ltr' id='par_1_3' title="bbox 113 1141 1213 2412">
     <span class='ocr_line' id='line_1_10' title="bbox 158 1141 1213 1227; baseline 0.003 -23"><span class='ocrx_word' id='word_1_80' title='bbox 158 1148 187 1205; x_wconf 81' lang='lat'>2.</span> <span class='ocrx_word' id='word_1_81' title='bbox 209 1147 358 1207; x_wconf 84' lang='lat' dir='ltr'>Socratide</span> <span class='ocrx_word' id='word_1_82' title='bbox 368 1141 616 1227; x_wconf 75' lang='lat' dir='ltr'>praetore,&#39;mense</span> <span class='ocrx_word' id='word_1_83' title='bbox 630 1146 749 1219; x_wconf 89' lang='lat' dir='ltr'>Martio,</span> <span class='ocrx_word' id='word_1_84' title='bbox 762 1145 853 1205; x_wconf 85' lang='lat' dir='ltr'>altera</span> <span class='ocrx_word' id='word_1_85' title='bbox 866 1145 1051 1226; x_wconf 84' lang='lat' dir='ltr'>navigatione</span> <span class='ocrx_word' id='word_1_86' title='bbox 1064 1147 1213 1227; x_wconf 87' lang='lat' dir='ltr'>profectu-</span> 
     </span>
     <span class='ocr_line' id='line_1_11' title="bbox 118 1239 1212 1319; baseline 0.003 -21"><span class='ocrx_word' id='word_1_87' title='bbox 118 1258 167 1298; x_wconf 84' lang='lat' dir='ltr'>rus</span> <span class='ocrx_word' id='word_1_88' title='bbox 181 1240 361 1314; x_wconf 81' lang='lat' dir='ltr'>Timotheus,</span> <span class='ocrx_word' id='word_1_89' title='bbox 374 1250 405 1300; x_wconf 92' lang='lat' dir='ltr'>et</span> <span class='ocrx_word' id='word_1_90' title='bbox 420 1240 483 1319; x_wconf 88' lang='lat' dir='ltr'>jam</span> <span class='ocrx_word' id='word_1_91' title='bbox 498 1239 644 1300; x_wconf 91' lang='lat' dir='ltr'>soluturus</span> <span class='ocrx_word' id='word_1_92' title='bbox 665 1259 682 1297; x_wconf 91' lang='lat' dir='ltr'>e</span> <span class='ocrx_word' id='word_1_93' title='bbox 701 1239 823 1311; x_wconf 88' lang='lat' dir='ltr'>Piraeeo,</span> <span class='ocrx_word' id='word_1_94' title='bbox 843 1259 910 1299; x_wconf 90' lang='lat' dir='ltr'>cum</span> <span class='ocrx_word' id='word_1_95' title='bbox 929 1239 1068 1318; x_wconf 90' lang='lat' dir='ltr'>ampliore</span> <span class='ocrx_word' id='word_1_96' title='bbox 1085 1240 1212 1319; x_wconf 79' lang='lat' dir='ltr'>pecunia</span> 
     </span>
     <span class='ocr_line' id='line_1_12' title="bbox 116 1331 1211 1414; baseline 0.003 -22"><span class='ocrx_word' id='word_1_97' title='bbox 116 1331 268 1412; x_wconf 86' lang='lat' dir='ltr'>indigeret,</span> <span class='ocrx_word' id='word_1_98' title='bbox 291 1332 416 1394; x_wconf 87' lang='lat' dir='ltr'>accessit</span> <span class='ocrx_word' id='word_1_99' title='bbox 436 1333 474 1393; x_wconf 90' lang='lat' dir='ltr'>ad</span> <span class='ocrx_word' id='word_1_100' title='bbox 493 1343 605 1412; x_wconf 90' lang='lat' dir='ltr'>patrem</span> <span class='ocrx_word' id='word_1_101' title='bbox 629 1352 725 1391; x_wconf 88' lang='lat' dir='ltr'>meum</span> <span class='ocrx_word' id='word_1_102' title='bbox 748 1332 778 1390; x_wconf 91' lang='lat' dir='ltr'>in</span> <span class='ocrx_word' id='word_1_103' title='bbox 801 1344 887 1412; x_wconf 92' lang='lat' dir='ltr'>portu</span> <span class='ocrx_word' id='word_1_104' title='bbox 914 1343 944 1393; x_wconf 91' lang='lat' dir='ltr'>et</span> <span class='ocrx_word' id='word_1_105' title='bbox 966 1343 1101 1394; x_wconf 87' lang='lat' dir='ltr'>mutuare</span> <span class='ocrx_word' id='word_1_106' title='bbox 1123 1333 1211 1414; x_wconf 83' lang='lat' dir='ltr'>jussit</span> 
     </span>
     <span class='ocr_line' id='line_1_13' title="bbox 116 1424 1210 1506; baseline 0.002 -21"><span class='ocrx_word' id='word_1_107' title='bbox 116 1426 270 1486; x_wconf 80' lang='lat' dir='ltr'>drachmas</span> <span class='ocrx_word' id='word_1_108' title='bbox 285 1426 363 1486; x_wconf 91' lang='lat' dir='ltr'>mille</span> <span class='ocrx_word' id='word_1_109' title='bbox 378 1437 522 1487; x_wconf 87' lang='lat' dir='ltr'>trecentas</span> <span class='ocrx_word' id='word_1_110' title='bbox 538 1424 749 1506; x_wconf 85' lang='lat' dir='ltr'>quinquaginta</span> <span class='ocrx_word' id='word_1_111' title='bbox 762 1444 860 1500; x_wconf 91' lang='lat' dir='ltr'>unam,</span> <span class='ocrx_word' id='word_1_112' title='bbox 874 1427 948 1486; x_wconf 91' lang='lat' dir='ltr'>duos</span> <span class='ocrx_word' id='word_1_113' title='bbox 966 1425 1070 1487; x_wconf 91' lang='lat' dir='ltr'>obolos</span> <span class='ocrx_word' id='word_1_114' title='bbox 1085 1430 1210 1501; x_wconf 87' lang='lat' dir='ltr'>(tuntum</span> 
     </span>
     <span class='ocr_line' id='line_1_14' title="bbox 116 1518 1210 1599; baseline 0.003 -23"><span class='ocrx_word' id='word_1_115' title='bbox 116 1518 194 1577; x_wconf 89' lang='lat' dir='ltr'>enirn</span> <span class='ocrx_word' id='word_1_116' title='bbox 217 1518 271 1578; x_wconf 88' lang='lat' dir='ltr'>sibi</span> <span class='ocrx_word' id='word_1_117' title='bbox 292 1539 367 1598; x_wconf 91' lang='lat' dir='ltr'>opus</span> <span class='ocrx_word' id='word_1_118' title='bbox 382 1538 447 1578; x_wconf 88' lang='lat' dir='ltr'>esse</span> <span class='ocrx_word' id='word_1_119' title='bbox 465 1521 583 1597; x_wconf 88' lang='lat' dir='ltr'>aiebat),</span> <span class='ocrx_word' id='word_1_120' title='bbox 604 1529 634 1578; x_wconf 91' lang='lat' dir='ltr'>et</span> <span class='ocrx_word' id='word_1_121' title='bbox 652 1519 721 1578; x_wconf 89' lang='lat' dir='ltr'>dare</span> <span class='ocrx_word' id='word_1_122' title='bbox 736 1518 911 1578; x_wconf 90' lang='lat' dir='ltr'>Antimacho</span> <span class='ocrx_word' id='word_1_123' title='bbox 925 1520 1063 1598; x_wconf 83' lang='lat' dir='ltr'>quaestori</span> <span class='ocrx_word' id='word_1_124' title='bbox 1081 1540 1147 1593; x_wconf 91' lang='lat' dir='ltr'>suo,</span> <span class='ocrx_word' id='word_1_125' title='bbox 1161 1520 1210 1599; x_wconf 93' lang='lat' dir='ltr'>qui</span> 
     </span>
     <span class='ocr_line' id='line_1_15' title="bbox 115 1611 1210 1693; baseline 0.001 -21"><span class='ocrx_word' id='word_1_126' title='bbox 115 1623 178 1672; x_wconf 91' lang='lat' dir='ltr'>tum</span> <span class='ocrx_word' id='word_1_127' title='bbox 192 1612 275 1673; x_wconf 88' lang='lat' dir='ltr'>istius</span> <span class='ocrx_word' id='word_1_128' title='bbox 295 1613 393 1673; x_wconf 88' lang='lat' dir='ltr'>omnia</span> <span class='ocrx_word' id='word_1_129' title='bbox 405 1614 533 1673; x_wconf 83' lang='lat' dir='ltr'>curabat</span> <span class='ocrx_word' id='word_1_130' title='bbox 575 1615 672 1691; x_wconf 84' lang='lat' dir='ltr'>Atque</span> <span class='ocrx_word' id='word_1_131' title='bbox 686 1613 710 1670; x_wconf 90' lang='lat' dir='ltr'>is</span> <span class='ocrx_word' id='word_1_132' title='bbox 721 1611 837 1689; x_wconf 89' lang='lat' dir='ltr'>quidem</span> <span class='ocrx_word' id='word_1_133' title='bbox 855 1613 906 1690; x_wconf 89' lang='lat' dir='ltr'>qui</span> <span class='ocrx_word' id='word_1_134' title='bbox 919 1612 1074 1692; x_wconf 91' lang='lat' dir='ltr'>pecuniam</span> <span class='ocrx_word' id='word_1_135' title='bbox 1092 1632 1112 1673; x_wconf 91' lang='lat' dir='ltr'>a</span> <span class='ocrx_word' id='word_1_136' title='bbox 1128 1624 1210 1693; x_wconf 89' lang='lat' dir='ltr'>patre</span> 
     </span>
     <span class='ocr_line' id='line_1_16' title="bbox 116 1702 1211 1784; baseline 0.001 -22"><span class='ocrx_word' id='word_1_137' title='bbox 116 1723 181 1763; x_wconf 89' lang='lat' dir='ltr'>meo</span> <span class='ocrx_word' id='word_1_138' title='bbox 204 1714 382 1764; x_wconf 87' lang='lat' dir='ltr'>mutuaretur</span> <span class='ocrx_word' id='word_1_139' title='bbox 394 1703 565 1764; x_wconf 89' lang='lat' dir='ltr'>Timotheus</span> <span class='ocrx_word' id='word_1_140' title='bbox 589 1713 662 1775; x_wconf 89' lang='lat' dir='ltr'>erat,</span> <span class='ocrx_word' id='word_1_141' title='bbox 680 1702 787 1782; x_wconf 92' lang='lat' dir='ltr'>quique</span> <span class='ocrx_word' id='word_1_142' title='bbox 804 1702 921 1781; x_wconf 88' lang='lat' dir='ltr'>juberet</span> <span class='ocrx_word' id='word_1_143' title='bbox 935 1705 1114 1764; x_wconf 87' lang='lat' dir='ltr'>Antimacho</span> <span class='ocrx_word' id='word_1_144' title='bbox 1131 1724 1211 1784; x_wconf 86' lang='lat' dir='ltr'>quaa·</span> 
     </span>
     <span class='ocr_line' id='line_1_17' title="bbox 115 1795 1211 1878; baseline 0.005 -24"><span class='ocrx_word' id='word_1_145' title='bbox 115 1797 185 1855; x_wconf 90' lang='lat' dir='ltr'>stori</span> <span class='ocrx_word' id='word_1_146' title='bbox 203 1816 257 1857; x_wconf 87' lang='lat' dir='ltr'>suo</span> <span class='ocrx_word' id='word_1_147' title='bbox 283 1797 361 1856; x_wconf 89' lang='lat' dir='ltr'>dari:</span> <span class='ocrx_word' id='word_1_148' title='bbox 382 1797 429 1876; x_wconf 93' lang='lat' dir='ltr'>qui</span> <span class='ocrx_word' id='word_1_149' title='bbox 450 1817 518 1855; x_wconf 90' lang='lat' dir='ltr'>vero</span> <span class='ocrx_word' id='word_1_150' title='bbox 542 1797 621 1855; x_wconf 90' lang='lat' dir='ltr'>illam</span> <span class='ocrx_word' id='word_1_151' title='bbox 644 1795 681 1855; x_wconf 88' lang='lat' dir='ltr'>de</span> <span class='ocrx_word' id='word_1_152' title='bbox 705 1813 806 1854; x_wconf 89' lang='lat' dir='ltr'>mensa</span> <span class='ocrx_word' id='word_1_153' title='bbox 825 1796 1031 1857; x_wconf 91' lang='lat' dir='ltr'>aPhormione</span> <span class='ocrx_word' id='word_1_154' title='bbox 1054 1799 1211 1878; x_wconf 87' lang='lat' dir='ltr'>acciperet,</span> 
     </span>
     <span class='ocr_line' id='line_1_18' title="bbox 114 1885 1211 1970; baseline 0.006 -26"><span class='ocrx_word' id='word_1_155' title='bbox 114 1887 307 1958; x_wconf 85' lang='lat' dir='ltr'>Autonomos,</span> <span class='ocrx_word' id='word_1_156' title='bbox 321 1887 370 1965; x_wconf 90' lang='lat' dir='ltr'>qni</span> <span class='ocrx_word' id='word_1_157' title='bbox 384 1887 462 1946; x_wconf 90' lang='lat' dir='ltr'>omni</span> <span class='ocrx_word' id='word_1_158' title='bbox 477 1896 607 1967; x_wconf 89' lang='lat' dir='ltr'>tempore</span> <span class='ocrx_word' id='word_1_159' title='bbox 620 1885 795 1946; x_wconf 87' lang='lat' dir='ltr'>Antimacho</span> <span class='ocrx_word' id='word_1_160' title='bbox 808 1887 1001 1966; x_wconf 83' lang='lat' dir='ltr'>scriptitabat.</span> <span class='ocrx_word' id='word_1_161' title='bbox 1035 1890 1116 1951; x_wconf 90' lang='lat' dir='ltr'>Data</span> <span class='ocrx_word' id='word_1_162' title='bbox 1125 1891 1211 1970; x_wconf 87' lang='lat' dir='ltr'>igitur</span> 
     </span>
     <span class='ocr_line' id='line_1_19' title="bbox 113 1976 1209 2061; baseline 0.005 -25"><span class='ocrx_word' id='word_1_163' title='bbox 113 1997 149 2037; x_wconf 91' lang='lat' dir='ltr'>ea</span> <span class='ocrx_word' id='word_1_164' title='bbox 163 1979 296 2057; x_wconf 89' lang='lat' dir='ltr'>pecunia,</span> <span class='ocrx_word' id='word_1_165' title='bbox 311 1978 471 2038; x_wconf 89' lang='lat' dir='ltr'>debitorem</span> <span class='ocrx_word' id='word_1_166' title='bbox 488 1977 632 2057; x_wconf 89' lang='lat' dir='ltr'>inscripsit</span> <span class='ocrx_word' id='word_1_167' title='bbox 653 1997 720 2038; x_wconf 90' lang='lat' dir='ltr'>enm</span> <span class='ocrx_word' id='word_1_168' title='bbox 737 1976 785 2055; x_wconf 93' lang='lat' dir='ltr'>qui</span> <span class='ocrx_word' id='word_1_169' title='bbox 807 1987 939 2039; x_wconf 87' lang='lat' dir='ltr'>mutuare</span> <span class='ocrx_word' id='word_1_170' title='bbox 956 1981 1095 2061; x_wconf 91' lang='lat' dir='ltr'>jusserat,</span> <span class='ocrx_word' id='word_1_171' title='bbox 1110 1981 1209 2042; x_wconf 87' lang='lat' dir='ltr'>Timo·</span> 
     </span>
     <span class='ocr_line' id='line_1_20' title="bbox 113 2069 1208 2154; baseline 0.005 -25"><span class='ocrx_word' id='word_1_172' title='bbox 113 2070 232 2131; x_wconf 85' lang='lat' dir='ltr'>theom:</span> <span class='ocrx_word' id='word_1_173' title='bbox 254 2071 284 2130; x_wconf 89' lang='lat' dir='ltr'>in</span> <span class='ocrx_word' id='word_1_174' title='bbox 295 2071 534 2131; x_wconf 87' lang='lat' dir='ltr'>commentarium</span> <span class='ocrx_word' id='word_1_175' title='bbox 547 2072 633 2131; x_wconf 90' lang='lat' dir='ltr'>etiam</span> <span class='ocrx_word' id='word_1_176' title='bbox 646 2069 752 2143; x_wconf 87' lang='lat' dir='ltr'>retulit,</span> <span class='ocrx_word' id='word_1_177' title='bbox 767 2069 814 2128; x_wconf 91' lang='lat' dir='ltr'>cui</span> <span class='ocrx_word' id='word_1_178' title='bbox 828 2071 897 2131; x_wconf 89' lang='lat' dir='ltr'>dare</span> <span class='ocrx_word' id='word_1_179' title='bbox 907 2073 963 2134; x_wconf 88' lang='lat' dir='ltr'>iste</span> <span class='ocrx_word' id='word_1_180' title='bbox 973 2074 1114 2154; x_wconf 86' lang='lat' dir='ltr'>jusserat,</span> <span class='ocrx_word' id='word_1_181' title='bbox 1125 2073 1208 2135; x_wconf 86' lang='lat' dir='ltr'>Anti·</span> 
     </span>
     <span class='ocr_line' id='line_1_21' title="bbox 114 2162 1208 2243; baseline 0.006 -22"><span class='ocrx_word' id='word_1_182' title='bbox 114 2163 258 2236; x_wconf 84' lang='lat' dir='ltr'>maehum,</span> <span class='ocrx_word' id='word_1_183' title='bbox 272 2173 303 2225; x_wconf 93' lang='lat' dir='ltr'>et</span> <span class='ocrx_word' id='word_1_184' title='bbox 315 2183 403 2243; x_wconf 89' lang='lat' dir='ltr'>quem</span> <span class='ocrx_word' id='word_1_185' title='bbox 415 2163 607 2223; x_wconf 87' lang='lat' dir='ltr'>Antimachus</span> <span class='ocrx_word' id='word_1_186' title='bbox 623 2163 741 2223; x_wconf 90' lang='lat' dir='ltr'>miserat</span> <span class='ocrx_word' id='word_1_187' title='bbox 750 2162 789 2222; x_wconf 90' lang='lat' dir='ltr'>ad</span> <span class='ocrx_word' id='word_1_188' title='bbox 802 2182 935 2224; x_wconf 87' lang='lat' dir='ltr'>mensam</span> <span class='ocrx_word' id='word_1_189' title='bbox 949 2175 982 2225; x_wconf 92' lang='lat' dir='ltr'>ut</span> <span class='ocrx_word' id='word_1_190' title='bbox 995 2167 1121 2227; x_wconf 88' lang='lat' dir='ltr'>eandem</span> <span class='ocrx_word' id='word_1_191' title='bbox 1132 2167 1208 2227; x_wconf 88' lang='lat' dir='ltr'>acci·</span> 
     </span>
     <span class='ocr_line' id='line_1_22' title="bbox 113 2255 1208 2340; baseline 0.004 -23"><span class='ocrx_word' id='word_1_192' title='bbox 113 2270 203 2336; x_wconf 87' lang='lat' dir='ltr'>peret,</span> <span class='ocrx_word' id='word_1_193' title='bbox 217 2260 426 2331; x_wconf 90' lang='lat' dir='ltr'>Autonomum,</span> <span class='ocrx_word' id='word_1_194' title='bbox 448 2257 526 2318; x_wconf 91' lang='lat' dir='ltr'>mille</span> <span class='ocrx_word' id='word_1_195' title='bbox 546 2268 693 2319; x_wconf 88' lang='lat' dir='ltr'>trecentas</span> <span class='ocrx_word' id='word_1_196' title='bbox 714 2255 869 2317; x_wconf 88' lang='lat' dir='ltr'>drachmas</span> <span class='ocrx_word' id='word_1_197' title='bbox 887 2259 1102 2340; x_wconf 87' lang='lat' dir='ltr'>quinquaginta</span> <span class='ocrx_word' id='word_1_198' title='bbox 1120 2280 1208 2321; x_wconf 88' lang='lat' dir='ltr'>unam</span> 
     </span>
     <span class='ocr_line' id='line_1_23' title="bbox 113 2352 355 2412; baseline 0 -2"><span class='ocrx_word' id='word_1_199' title='bbox 113 2362 143 2411; x_wconf 93' lang='lat' dir='ltr'>et</span> <span class='ocrx_word' id='word_1_200' title='bbox 154 2352 229 2411; x_wconf 92' lang='lat' dir='ltr'>duos</span> <span class='ocrx_word' id='word_1_201' title='bbox 243 2352 355 2412; x_wconf 89' lang='lat' dir='ltr'>obolos.</span> 
     </span>
    </p>

    <p class='ocr_par' dir='ltr' id='par_1_4' title="bbox 104 2444 1214 4488">
     <span class='ocr_line' id='line_1_24' title="bbox 154 2444 1206 2528; baseline 0.004 -25"><span class='ocrx_word' id='word_1_202' title='bbox 154 2447 183 2503; x_wconf 87' lang='grc'>3.</span> <span class='ocrx_word' id='word_1_203' title='bbox 205 2445 333 2504; x_wconf 90' lang='lat' dir='ltr'>Primum</span> <span class='ocrx_word' id='word_1_204' title='bbox 354 2444 442 2523; x_wconf 88' lang='lat' dir='ltr'>igitur</span> <span class='ocrx_word' id='word_1_205' title='bbox 463 2445 606 2519; x_wconf 89' lang='lat' dir='ltr'>debitum,</span> <span class='ocrx_word' id='word_1_206' title='bbox 625 2447 705 2525; x_wconf 88' lang='lat' dir='ltr'>quod</span> <span class='ocrx_word' id='word_1_207' title='bbox 718 2447 787 2508; x_wconf 87' lang='lat' dir='ltr'>hine</span> <span class='ocrx_word' id='word_1_208' title='bbox 801 2449 916 2509; x_wconf 88' lang='lat' dir='ltr'>solvens</span> <span class='ocrx_word' id='word_1_209' title='bbox 935 2448 1101 2507; x_wconf 90' lang='lat' dir='ltr'>secundum</span> <span class='ocrx_word' id='word_1_210' title='bbox 1116 2449 1206 2528; x_wconf 90' lang='lat' dir='ltr'>impe·</span> 
     </span>
     <span class='ocr_line' id='line_1_25' title="bbox 112 2538 1206 2625; baseline 0.008 -31"><span class='ocrx_word' id='word_1_211' title='bbox 112 2549 189 2595; x_wconf 84' lang='lat' dir='ltr'>rator</span> <span class='ocrx_word' id='word_1_212' title='bbox 204 2538 328 2618; x_wconf 89' lang='lat' dir='ltr'>accepit,</span> <span class='ocrx_word' id='word_1_213' title='bbox 344 2548 457 2598; x_wconf 90' lang='lat' dir='ltr'>tantum</span> <span class='ocrx_word' id='word_1_214' title='bbox 470 2539 536 2597; x_wconf 87' lang='lat' dir='ltr'>fuit.</span> <span class='ocrx_word' id='word_1_215' title='bbox 568 2540 642 2599; x_wconf 85' lang='lat' dir='ltr'>Cum</span> <span class='ocrx_word' id='word_1_216' title='bbox 656 2561 724 2602; x_wconf 89' lang='lat' dir='ltr'>vero</span> <span class='ocrx_word' id='word_1_217' title='bbox 737 2553 835 2602; x_wconf 91' lang='lat' dir='ltr'>vestro</span> <span class='ocrx_word' id='word_1_218' title='bbox 846 2541 983 2620; x_wconf 86' lang='lat' dir='ltr'>suffragio</span> <span class='ocrx_word' id='word_1_219' title='bbox 998 2541 1206 2625; x_wconf 85' lang='lat' dir='ltr'>improbaretur</span> 
     </span>
     <span class='ocr_line' id='line_1_26' title="bbox 111 2632 1206 2718; baseline 0.007 -28"><span class='ocrx_word' id='word_1_220' title='bbox 111 2632 190 2710; x_wconf 91' lang='lat' dir='ltr'>quod</span> <span class='ocrx_word' id='word_1_221' title='bbox 203 2633 438 2711; x_wconf 89' lang='lat' dir='ltr'>Peloponnesum</span> <span class='ocrx_word' id='word_1_222' title='bbox 451 2635 546 2693; x_wconf 88' lang='lat' dir='ltr'>classe</span> <span class='ocrx_word' id='word_1_223' title='bbox 559 2655 616 2694; x_wconf 92' lang='lat' dir='ltr'>non</span> <span class='ocrx_word' id='word_1_224' title='bbox 634 2637 769 2696; x_wconf 85' lang='lat' dir='ltr'>abiisset:</span> <span class='ocrx_word' id='word_1_225' title='bbox 791 2648 821 2697; x_wconf 92' lang='lat' dir='ltr'>et</span> <span class='ocrx_word' id='word_1_226' title='bbox 835 2638 872 2697; x_wconf 94' lang='lat' dir='ltr'>ad</span> <span class='ocrx_word' id='word_1_227' title='bbox 886 2657 1005 2696; x_wconf 88' lang='lat' dir='ltr'>causam</span> <span class='ocrx_word' id='word_1_228' title='bbox 1019 2639 1099 2716; x_wconf 90' lang='lat' dir='ltr'>apud</span> <span class='ocrx_word' id='word_1_229' title='bbox 1114 2658 1206 2718; x_wconf 92' lang='lat' dir='ltr'>popu·</span> 
     </span>
     <span class='ocr_line' id='line_1_27' title="bbox 112 2724 1204 2799; baseline 0.005 -15"><span class='ocrx_word' id='word_1_230' title='bbox 112 2724 172 2784; x_wconf 89' lang='lat' dir='ltr'>lum</span> <span class='ocrx_word' id='word_1_231' title='bbox 186 2726 342 2785; x_wconf 90' lang='lat' dir='ltr'>dicendum</span> <span class='ocrx_word' id='word_1_232' title='bbox 356 2735 519 2799; x_wconf 88' lang='lat' dir='ltr'>vocaretur,</span> <span class='ocrx_word' id='word_1_233' title='bbox 530 2727 655 2787; x_wconf 87' lang='lat' dir='ltr'>maximo</span> <span class='ocrx_word' id='word_1_234' title='bbox 666 2731 784 2789; x_wconf 91' lang='lat' dir='ltr'>crimine</span> <span class='ocrx_word' id='word_1_235' title='bbox 796 2750 880 2790; x_wconf 86' lang='lat' dir='ltr'>reus:</span> <span class='ocrx_word' id='word_1_236' title='bbox 898 2740 927 2788; x_wconf 89' lang='lat' dir='ltr'>et</span> <span class='ocrx_word' id='word_1_237' title='bbox 939 2750 1006 2789; x_wconf 92' lang='lat' dir='ltr'>eum</span> <span class='ocrx_word' id='word_1_238' title='bbox 1019 2730 1204 2792; x_wconf 86' lang='lat' dir='ltr'>Callistratus</span> 
     </span>
     <span class='ocr_line' id='line_1_28' title="bbox 112 2818 1205 2903; baseline 0.005 -24"><span class='ocrx_word' id='word_1_239' title='bbox 112 2828 198 2897; x_wconf 89' lang='lat' dir='ltr'>atque</span> <span class='ocrx_word' id='word_1_240' title='bbox 211 2818 383 2897; x_wconf 88' lang='lat' dir='ltr'>Iphicrates,</span> <span class='ocrx_word' id='word_1_241' title='bbox 397 2818 449 2878; x_wconf 92' lang='lat' dir='ltr'>viri</span> <span class='ocrx_word' id='word_1_242' title='bbox 464 2830 494 2879; x_wconf 91' lang='lat' dir='ltr'>et</span> <span class='ocrx_word' id='word_1_243' title='bbox 508 2821 592 2878; x_wconf 91' lang='lat' dir='ltr'>rebus</span> <span class='ocrx_word' id='word_1_244' title='bbox 608 2822 699 2899; x_wconf 85' lang='lat' dir='ltr'>gestis</span> <span class='ocrx_word' id='word_1_245' title='bbox 713 2834 742 2882; x_wconf 89' lang='lat' dir='ltr'>et</span> <span class='ocrx_word' id='word_1_246' title='bbox 762 2824 929 2902; x_wconf 90' lang='lat' dir='ltr'>eloquentia</span> <span class='ocrx_word' id='word_1_247' title='bbox 946 2834 1134 2899; x_wconf 86' lang='lat' dir='ltr'>praestantes,</span> <span class='ocrx_word' id='word_1_248' title='bbox 1156 2844 1205 2903; x_wconf 93' lang='lat' dir='ltr'>op·</span> 
     </span>
     <span class='ocr_line' id='line_1_29' title="bbox 112 2913 1205 2994; baseline 0.004 -23"><span class='ocrx_word' id='word_1_249' title='bbox 112 2924 294 2991; x_wconf 87' lang='lat' dir='ltr'>pugnarent;</span> <span class='ocrx_word' id='word_1_250' title='bbox 315 2914 356 2973; x_wconf 86' lang='lat' dir='ltr'>ita</span> <span class='ocrx_word' id='word_1_251' title='bbox 374 2913 416 2973; x_wconf 93' lang='lat' dir='ltr'>illi</span> <span class='ocrx_word' id='word_1_252' title='bbox 428 2934 479 2973; x_wconf 94' lang='lat' dir='ltr'>vos</span> <span class='ocrx_word' id='word_1_253' title='bbox 498 2923 529 2973; x_wconf 89' lang='lat' dir='ltr'>et</span> <span class='ocrx_word' id='word_1_254' title='bbox 548 2913 603 2994; x_wconf 89' lang='lat' dir='ltr'>ipsi</span> <span class='ocrx_word' id='word_1_255' title='bbox 628 2925 657 2974; x_wconf 88' lang='lat' dir='ltr'>et</span> <span class='ocrx_word' id='word_1_256' title='bbox 675 2935 775 2975; x_wconf 90' lang='lat' dir='ltr'>eorum</span> <span class='ocrx_word' id='word_1_257' title='bbox 789 2917 924 2976; x_wconf 90' lang='lat' dir='ltr'>advocati</span> <span class='ocrx_word' id='word_1_258' title='bbox 938 2918 1108 2977; x_wconf 91' lang='lat' dir='ltr'>accusando</span> <span class='ocrx_word' id='word_1_259' title='bbox 1128 2937 1205 2978; x_wconf 91' lang='lat' dir='ltr'>com·</span> 
     </span>
     <span class='ocr_line' id='line_1_30' title="bbox 112 3008 1205 3093; baseline 0.006 -27"><span class='ocrx_word' id='word_1_260' title='bbox 112 3018 274 3080; x_wconf 89' lang='lat' dir='ltr'>moverunt,</span> <span class='ocrx_word' id='word_1_261' title='bbox 289 3020 324 3067; x_wconf 92' lang='lat' dir='ltr'>ut</span> <span class='ocrx_word' id='word_1_262' title='bbox 344 3008 565 3081; x_wconf 88' lang='lat' dir='ltr'>Antimachum,</span> <span class='ocrx_word' id='word_1_263' title='bbox 586 3018 758 3086; x_wconf 87' lang='lat' dir='ltr'>quaestorem</span> <span class='ocrx_word' id='word_1_264' title='bbox 774 3011 835 3091; x_wconf 90' lang='lat' dir='ltr'>ejus</span> <span class='ocrx_word' id='word_1_265' title='bbox 854 3022 885 3070; x_wconf 90' lang='lat' dir='ltr'>et</span> <span class='ocrx_word' id='word_1_266' title='bbox 903 3011 1047 3083; x_wconf 88' lang='lat' dir='ltr'>intimum,</span> <span class='ocrx_word' id='word_1_267' title='bbox 1061 3013 1142 3073; x_wconf 88' lang='lat' dir='ltr'>facto</span> <span class='ocrx_word' id='word_1_268' title='bbox 1156 3033 1205 3093; x_wconf 93' lang='lat' dir='ltr'>pro</span> 
     </span>
     <span class='ocr_line' id='line_1_31' title="bbox 111 3100 1204 3185; baseline 0.005 -27"><span class='ocrx_word' id='word_1_269' title='bbox 111 3100 253 3159; x_wconf 87' lang='lat' dir='ltr'>concione</span> <span class='ocrx_word' id='word_1_270' title='bbox 276 3101 388 3180; x_wconf 88' lang='lat' dir='ltr'>jndicio</span> <span class='ocrx_word' id='word_1_271' title='bbox 411 3101 593 3174; x_wconf 88' lang='lat' dir='ltr'>occideretis,</span> <span class='ocrx_word' id='word_1_272' title='bbox 607 3103 691 3162; x_wconf 93' lang='lat' dir='ltr'>bonis</span> <span class='ocrx_word' id='word_1_273' title='bbox 713 3105 799 3164; x_wconf 89' lang='lat' dir='ltr'>etiam</span> <span class='ocrx_word' id='word_1_274' title='bbox 820 3109 882 3180; x_wconf 91' lang='lat' dir='ltr'>ejus</span> <span class='ocrx_word' id='word_1_275' title='bbox 904 3105 1080 3183; x_wconf 90' lang='lat' dir='ltr'>publicatis;</span> <span class='ocrx_word' id='word_1_276' title='bbox 1113 3107 1204 3185; x_wconf 90' lang='lat' dir='ltr'>ipsum</span> 
     </span>
     <span class='ocr_line' id='line_1_32' title="bbox 111 3191 1206 3278; baseline 0.007 -28"><span class='ocrx_word' id='word_1_277' title='bbox 111 3212 179 3252; x_wconf 90' lang='lat' dir='ltr'>vero</span> <span class='ocrx_word' id='word_1_278' title='bbox 200 3191 288 3251; x_wconf 91' lang='lat' dir='ltr'>istum</span> <span class='ocrx_word' id='word_1_279' title='bbox 313 3193 537 3273; x_wconf 88' lang='lat' dir='ltr'>deprecantibus</span> <span class='ocrx_word' id='word_1_280' title='bbox 560 3196 748 3257; x_wconf 87' lang='lat' dir='ltr'>familiaribus</span> <span class='ocrx_word' id='word_1_281' title='bbox 771 3208 800 3257; x_wconf 92' lang='lat' dir='ltr'>et</span> <span class='ocrx_word' id='word_1_282' title='bbox 819 3199 951 3278; x_wconf 87' lang='lat' dir='ltr'>cognatis</span> <span class='ocrx_word' id='word_1_283' title='bbox 975 3199 1038 3278; x_wconf 89' lang='lat' dir='ltr'>ejus</span> <span class='ocrx_word' id='word_1_284' title='bbox 1063 3201 1206 3271; x_wconf 89' lang='lat' dir='ltr'>omnibus,</span> 
     </span>
     <span class='ocr_line' id='line_1_33' title="bbox 112 3285 1205 3363; baseline 0.006 -20"><span class='ocrx_word' id='word_1_285' title='bbox 112 3304 256 3363; x_wconf 90' lang='lat' dir='ltr'>superque</span> <span class='ocrx_word' id='word_1_286' title='bbox 270 3285 374 3345; x_wconf 91' lang='lat' dir='ltr'>Alceta</span> <span class='ocrx_word' id='word_1_287' title='bbox 390 3297 419 3345; x_wconf 90' lang='lat' dir='ltr'>et</span> <span class='ocrx_word' id='word_1_288' title='bbox 440 3289 554 3360; x_wconf 88' lang='lat' dir='ltr'>Iasone,</span> <span class='ocrx_word' id='word_1_289' title='bbox 570 3288 655 3347; x_wconf 90' lang='lat' dir='ltr'>sociis</span> <span class='ocrx_word' id='word_1_290' title='bbox 670 3290 783 3363; x_wconf 90' lang='lat' dir='ltr'>vestris,</span> <span class='ocrx_word' id='word_1_291' title='bbox 796 3291 845 3350; x_wconf 86' lang='lat' dir='ltr'>vix</span> <span class='ocrx_word' id='word_1_292' title='bbox 869 3291 1067 3363; x_wconf 89' lang='lat' dir='ltr'>absolveretis,</span> <span class='ocrx_word' id='word_1_293' title='bbox 1091 3293 1144 3352; x_wconf 91' lang='lat' dir='ltr'>sed</span> <span class='ocrx_word' id='word_1_294' title='bbox 1162 3302 1205 3351; x_wconf 88' lang='lat' dir='ltr'>ta·</span> 
     </span>
     <span class='ocr_line' id='line_1_34' title="bbox 111 3379 1208 3465; baseline 0.007 -29"><span class='ocrx_word' id='word_1_295' title='bbox 111 3397 179 3436; x_wconf 92' lang='lat' dir='ltr'>men</span> <span class='ocrx_word' id='word_1_296' title='bbox 199 3379 347 3456; x_wconf 89' lang='lat' dir='ltr'>imperinm</span> <span class='ocrx_word' id='word_1_297' title='bbox 361 3380 388 3438; x_wconf 91' lang='lat' dir='ltr'>ei</span> <span class='ocrx_word' id='word_1_298' title='bbox 402 3381 590 3465; x_wconf 84' lang='lat' dir='ltr'>abrogaretis.</span> <span class='ocrx_word' id='word_1_299' title='bbox 632 3383 707 3442; x_wconf 87' lang='lat' dir='ltr'>Cum</span> <span class='ocrx_word' id='word_1_300' title='bbox 721 3385 810 3463; x_wconf 88' lang='lat' dir='ltr'>igitur</span> <span class='ocrx_word' id='word_1_301' title='bbox 824 3385 930 3444; x_wconf 90' lang='lat' dir='ltr'>talibus</span> <span class='ocrx_word' id='word_1_302' title='bbox 945 3385 1114 3445; x_wconf 88' lang='lat' dir='ltr'>criminibus</span> <span class='ocrx_word' id='word_1_303' title='bbox 1129 3395 1208 3445; x_wconf 87' lang='lat' dir='ltr'>tanta</span> 
     </span>
     <span class='ocr_line' id='line_1_35' title="bbox 111 3470 1208 3556; baseline 0.007 -29"><span class='ocrx_word' id='word_1_304' title='bbox 111 3470 208 3549; x_wconf 92' lang='lat' dir='ltr'>inopia</span> <span class='ocrx_word' id='word_1_305' title='bbox 222 3481 480 3548; x_wconf 87' lang='lat' dir='ltr'>urgeretur—nam</span> <span class='ocrx_word' id='word_1_306' title='bbox 503 3484 532 3533; x_wconf 90' lang='lat' dir='ltr'>et</span> <span class='ocrx_word' id='word_1_307' title='bbox 552 3474 706 3535; x_wconf 85' lang='lat' dir='ltr'>facultates</span> <span class='ocrx_word' id='word_1_308' title='bbox 729 3478 791 3556; x_wconf 88' lang='lat' dir='ltr'>ejus</span> <span class='ocrx_word' id='word_1_309' title='bbox 806 3497 907 3536; x_wconf 87' lang='lat' dir='ltr'>omnes</span> <span class='ocrx_word' id='word_1_310' title='bbox 926 3479 1064 3537; x_wconf 82' lang='lat' dir='ltr'>obseratae</span> <span class='ocrx_word' id='word_1_311' title='bbox 1078 3488 1162 3536; x_wconf 90' lang='lat' dir='ltr'>erant</span> <span class='ocrx_word' id='word_1_312' title='bbox 1179 3485 1208 3535; x_wconf 93' lang='lat' dir='ltr'>et</span> 
     </span>
     <span class='ocr_line' id='line_1_36' title="bbox 110 3562 1208 3650; baseline 0.005 -30"><span class='ocrx_word' id='word_1_313' title='bbox 110 3562 215 3620; x_wconf 88' lang='lat' dir='ltr'>libellis</span> <span class='ocrx_word' id='word_1_314' title='bbox 231 3563 369 3640; x_wconf 86' lang='lat' dir='ltr'>appositis</span> <span class='ocrx_word' id='word_1_315' title='bbox 389 3565 425 3623; x_wconf 92' lang='lat' dir='ltr'>ab</span> <span class='ocrx_word' id='word_1_316' title='bbox 440 3564 504 3625; x_wconf 91' lang='lat' dir='ltr'>aliis</span> <span class='ocrx_word' id='word_1_317' title='bbox 520 3569 702 3641; x_wconf 90' lang='lat' dir='ltr'>tenebantur,</span> <span class='ocrx_word' id='word_1_318' title='bbox 722 3589 791 3646; x_wconf 84' lang='lat' dir='ltr'>ager</span> <span class='ocrx_word' id='word_1_319' title='bbox 809 3571 886 3628; x_wconf 88' lang='lat' dir='ltr'>enim</span> <span class='ocrx_word' id='word_1_320' title='bbox 908 3571 938 3628; x_wconf 92' lang='lat' dir='ltr'>in</span> <span class='ocrx_word' id='word_1_321' title='bbox 951 3569 1072 3648; x_wconf 89' lang='lat' dir='ltr'>planitie</span> <span class='ocrx_word' id='word_1_322' title='bbox 1094 3568 1208 3650; x_wconf 90' lang='lat' dir='ltr'>pignori</span> 
     </span>
     <span class='ocr_line' id='line_1_37' title="bbox 111 3654 1207 3740; baseline 0.006 -26"><span class='ocrx_word' id='word_1_323' title='bbox 111 3654 261 3734; x_wconf 91' lang='lat' dir='ltr'>oppositus</span> <span class='ocrx_word' id='word_1_324' title='bbox 280 3664 342 3713; x_wconf 89' lang='lat' dir='ltr'>erat</span> <span class='ocrx_word' id='word_1_325' title='bbox 361 3656 523 3717; x_wconf 84' lang='lat' dir='ltr'>Eumelidae</span> <span class='ocrx_word' id='word_1_326' title='bbox 537 3659 606 3730; x_wconf 88' lang='lat' dir='ltr'>filio,</span> <span class='ocrx_word' id='word_1_327' title='bbox 622 3671 651 3719; x_wconf 90' lang='lat' dir='ltr'>et</span> <span class='ocrx_word' id='word_1_328' title='bbox 665 3661 818 3739; x_wconf 87' lang='lat' dir='ltr'>sexaginta</span> <span class='ocrx_word' id='word_1_329' title='bbox 839 3662 1004 3722; x_wconf 89' lang='lat' dir='ltr'>trierarchis</span> <span class='ocrx_word' id='word_1_330' title='bbox 1025 3663 1076 3740; x_wconf 93' lang='lat' dir='ltr'>qui</span> <span class='ocrx_word' id='word_1_331' title='bbox 1091 3682 1157 3723; x_wconf 89' lang='lat' dir='ltr'>cunr</span> <span class='ocrx_word' id='word_1_332' title='bbox 1171 3682 1207 3723; x_wconf 91' lang='lat' dir='ltr'>eo</span> 
     </span>
     <span class='ocr_line' id='line_1_38' title="bbox 111 3745 1209 3832; baseline 0.008 -26"><span class='ocrx_word' id='word_1_333' title='bbox 111 3745 281 3824; x_wconf 83' lang='lat' dir='ltr'>navigarant</span> <span class='ocrx_word' id='word_1_334' title='bbox 303 3748 430 3824; x_wconf 88' lang='lat' dir='ltr'>septenis</span> <span class='ocrx_word' id='word_1_335' title='bbox 452 3750 536 3810; x_wconf 92' lang='lat' dir='ltr'>minis</span> <span class='ocrx_word' id='word_1_336' title='bbox 560 3751 590 3811; x_wconf 92' lang='lat' dir='ltr'>in</span> <span class='ocrx_word' id='word_1_337' title='bbox 614 3754 755 3832; x_wconf 88' lang='lat' dir='ltr'>singulos,</span> <span class='ocrx_word' id='word_1_338' title='bbox 773 3774 846 3832; x_wconf 91' lang='lat' dir='ltr'>quas</span> <span class='ocrx_word' id='word_1_339' title='bbox 874 3775 924 3814; x_wconf 88' lang='lat' dir='ltr'>eos</span> <span class='ocrx_word' id='word_1_340' title='bbox 950 3755 1006 3814; x_wconf 88' lang='lat' dir='ltr'>iste</span> <span class='ocrx_word' id='word_1_341' title='bbox 1029 3756 1067 3815; x_wconf 90' lang='lat' dir='ltr'>ad</span> <span class='ocrx_word' id='word_1_342' title='bbox 1087 3756 1209 3816; x_wconf 88' lang='lat' dir='ltr'>alendos</span> 
     </span>
     <span class='ocr_line' id='line_1_39' title="bbox 111 3841 1209 3932; baseline 0.011 -32"><span class='ocrx_word' id='word_1_343' title='bbox 111 3852 215 3901; x_wconf 86' lang='lat' dir='ltr'>nautas</span> <span class='ocrx_word' id='word_1_344' title='bbox 238 3841 366 3921; x_wconf 82' lang='lat' dir='ltr'>dilargiri</span> <span class='ocrx_word' id='word_1_345' title='bbox 388 3856 536 3922; x_wconf 85' lang='lat' dir='ltr'>coegerat,</span> <span class='ocrx_word' id='word_1_346' title='bbox 558 3849 756 3928; x_wconf 78' lang='lat' dir='ltr'>oppigneratas</span> <span class='ocrx_word' id='word_1_347' title='bbox 779 3861 862 3910; x_wconf 88' lang='lat' dir='ltr'>erant</span> <span class='ocrx_word' id='word_1_348' title='bbox 886 3852 1005 3930; x_wconf 87' lang='lat' dir='ltr'>reliquae</span> <span class='ocrx_word' id='word_1_349' title='bbox 1030 3852 1094 3932; x_wconf 81' lang='lat' dir='ltr'>ejus</span> <span class='ocrx_word' id='word_1_350' title='bbox 1120 3871 1209 3932; x_wconf 88' lang='lat' dir='ltr'>opes:</span> 
     </span>
     <span class='ocr_line' id='line_1_40' title="bbox 110 3937 1211 4023; baseline 0.01 -29"><span class='ocrx_word' id='word_1_351' title='bbox 110 3937 179 4013; x_wconf 90' lang='lat' dir='ltr'>quia</span> <span class='ocrx_word' id='word_1_352' title='bbox 193 3956 259 3995; x_wconf 92' lang='lat' dir='ltr'>vero</span> <span class='ocrx_word' id='word_1_353' title='bbox 281 3937 381 4015; x_wconf 90' lang='lat' dir='ltr'>populi</span> <span class='ocrx_word' id='word_1_354' title='bbox 404 3937 547 4017; x_wconf 84' lang='lat' dir='ltr'>suffragiis</span> <span class='ocrx_word' id='word_1_355' title='bbox 567 3941 703 4020; x_wconf 88' lang='lat' dir='ltr'>rejectus,</span> <span class='ocrx_word' id='word_1_356' title='bbox 719 3954 852 4023; x_wconf 90' lang='lat' dir='ltr'>septenas</span> <span class='ocrx_word' id='word_1_357' title='bbox 874 3943 937 4003; x_wconf 91' lang='lat' dir='ltr'>illas</span> <span class='ocrx_word' id='word_1_358' title='bbox 960 3945 1055 4003; x_wconf 89' lang='lat' dir='ltr'>minas</span> <span class='ocrx_word' id='word_1_359' title='bbox 1073 3947 1103 4004; x_wconf 90' lang='lat' dir='ltr'>in</span> <span class='ocrx_word' id='word_1_360' title='bbox 1123 3945 1211 4005; x_wconf 87' lang='lat' dir='ltr'>ratio·</span> 
     </span>
     <span class='ocr_line' id='line_1_41' title="bbox 111 4027 1210 4117; baseline 0.009 -32"><span class='ocrx_word' id='word_1_361' title='bbox 111 4027 195 4087; x_wconf 92' lang='lat' dir='ltr'>nibus</span> <span class='ocrx_word' id='word_1_362' title='bbox 215 4028 375 4088; x_wconf 88' lang='lat' dir='ltr'>referendis</span> <span class='ocrx_word' id='word_1_363' title='bbox 398 4050 539 4108; x_wconf 82' lang='lat' dir='ltr'>expensas</span> <span class='ocrx_word' id='word_1_364' title='bbox 558 4035 665 4094; x_wconf 89' lang='lat' dir='ltr'>tulerat</span> <span class='ocrx_word' id='word_1_365' title='bbox 687 4036 783 4095; x_wconf 85' lang='lat' dir='ltr'>nautis</span> <span class='ocrx_word' id='word_1_366' title='bbox 803 4037 839 4095; x_wconf 91' lang='lat' dir='ltr'>de</span> <span class='ocrx_word' id='word_1_367' title='bbox 859 4038 976 4097; x_wconf 86' lang='lat' dir='ltr'>militari</span> <span class='ocrx_word' id='word_1_368' title='bbox 997 4039 1133 4117; x_wconf 89' lang='lat' dir='ltr'>pecunia,</span> <span class='ocrx_word' id='word_1_369' title='bbox 1149 4048 1210 4097; x_wconf 90' lang='lat' dir='ltr'>turn</span> 
     </span>
     <span class='ocr_line' id='line_1_42' title="bbox 110 4121 1211 4210; baseline 0.011 -32"><span class='ocrx_word' id='word_1_370' title='bbox 110 4122 228 4192; x_wconf 89' lang='lat' dir='ltr'>veritus,</span> <span class='ocrx_word' id='word_1_371' title='bbox 240 4140 278 4181; x_wconf 90' lang='lat' dir='ltr'>ne</span> <span class='ocrx_word' id='word_1_372' title='bbox 292 4121 322 4179; x_wconf 94' lang='lat' dir='ltr'>in</span> <span class='ocrx_word' id='word_1_373' title='bbox 336 4141 367 4181; x_wconf 91' lang='lat' dir='ltr'>se</span> <span class='ocrx_word' id='word_1_374' title='bbox 380 4123 510 4200; x_wconf 86' lang='lat' dir='ltr'>praefecti</span> <span class='ocrx_word' id='word_1_375' title='bbox 525 4125 683 4185; x_wconf 89' lang='lat' dir='ltr'>triremium</span> <span class='ocrx_word' id='word_1_376' title='bbox 693 4128 890 4188; x_wconf 88' lang='lat' dir='ltr'>testimonium</span> <span class='ocrx_word' id='word_1_377' title='bbox 905 4130 1035 4189; x_wconf 90' lang='lat' dir='ltr'>dicerent</span> <span class='ocrx_word' id='word_1_378' title='bbox 1047 4143 1136 4210; x_wconf 88' lang='lat' dir='ltr'>atque</span> <span class='ocrx_word' id='word_1_379' title='bbox 1148 4132 1211 4210; x_wconf 90' lang='lat' dir='ltr'>ipse</span> 
     </span>
     <span class='ocr_line' id='line_1_43' title="bbox 111 4215 1212 4302; baseline 0.012 -33"><span class='ocrx_word' id='word_1_380' title='bbox 111 4215 253 4274; x_wconf 88' lang='lat' dir='ltr'>mendacii</span> <span class='ocrx_word' id='word_1_381' title='bbox 268 4215 495 4288; x_wconf 87' lang='lat' dir='ltr'>convinceretur,</span> <span class='ocrx_word' id='word_1_382' title='bbox 505 4229 606 4279; x_wconf 88' lang='lat' dir='ltr'>mutuo</span> <span class='ocrx_word' id='word_1_383' title='bbox 621 4222 710 4279; x_wconf 92' lang='lat' dir='ltr'>sumit</span> <span class='ocrx_word' id='word_1_384' title='bbox 724 4241 741 4280; x_wconf 93' lang='lat' dir='ltr'>a</span> <span class='ocrx_word' id='word_1_385' title='bbox 753 4222 874 4300; x_wconf 88' lang='lat' dir='ltr'>singulis</span> <span class='ocrx_word' id='word_1_386' title='bbox 889 4233 1025 4302; x_wconf 86' lang='lat' dir='ltr'>septenas</span> <span class='ocrx_word' id='word_1_387' title='bbox 1041 4224 1106 4282; x_wconf 89' lang='lat' dir='ltr'>illas</span> <span class='ocrx_word' id='word_1_388' title='bbox 1119 4223 1212 4283; x_wconf 85' lang='lat' dir='ltr'>minas</span> 
     </span>
     <span class='ocr_line' id='line_1_44' title="bbox 111 4306 1213 4390; baseline 0.015 -31"><span class='ocrx_word' id='word_1_389' title='bbox 111 4306 300 4382; x_wconf 82' lang='lat' dir='ltr'>oppignerata</span> <span class='ocrx_word' id='word_1_390' title='bbox 322 4307 363 4367; x_wconf 87' lang='lat' dir='ltr'>eis</span> <span class='ocrx_word' id='word_1_391' title='bbox 386 4327 417 4367; x_wconf 90' lang='lat' dir='ltr'>re</span> <span class='ocrx_word' id='word_1_392' title='bbox 439 4329 493 4368; x_wconf 89' lang='lat' dir='ltr'>sua</span> <span class='ocrx_word' id='word_1_393' title='bbox 516 4310 656 4382; x_wconf 88' lang='lat' dir='ltr'>familiari,</span> <span class='ocrx_word' id='word_1_394' title='bbox 672 4313 776 4390; x_wconf 91' lang='lat' dir='ltr'>quibus</span> <span class='ocrx_word' id='word_1_395' title='bbox 797 4335 874 4373; x_wconf 88' lang='lat' dir='ltr'>nune</span> <span class='ocrx_word' id='word_1_396' title='bbox 896 4335 946 4374; x_wconf 87' lang='lat' dir='ltr'>eos</span> <span class='ocrx_word' id='word_1_397' title='bbox 963 4315 1087 4376; x_wconf 87' lang='lat' dir='ltr'>revulsis</span> <span class='ocrx_word' id='word_1_398' title='bbox 1104 4315 1213 4376; x_wconf 91' lang='lat' dir='ltr'>libellis</span> 
     </span>
     <span class='ocr_line' id='line_1_45' title="bbox 104 4393 1214 4488; baseline 0.017 -36"><span class='ocrx_word' id='word_1_399' title='bbox 104 4393 245 4459; x_wconf 85' lang='lat' dir='ltr'>fraudat:</span> <span class='ocrx_word' id='word_1_400' title='bbox 268 4400 397 4482; x_wconf 89' lang='lat' dir='ltr'>undique</span> <span class='ocrx_word' id='word_1_401' title='bbox 413 4401 500 4483; x_wconf 88' lang='lat' dir='ltr'>igitur</span> <span class='ocrx_word' id='word_1_402' title='bbox 519 4404 743 4481; x_wconf 88' lang='lat' dir='ltr'>circumventus,</span> <span class='ocrx_word' id='word_1_403' title='bbox 759 4419 789 4469; x_wconf 90' lang='lat' dir='ltr'>et</span> <span class='ocrx_word' id='word_1_404' title='bbox 808 4409 836 4468; x_wconf 92' lang='lat' dir='ltr'>in</span> <span class='ocrx_word' id='word_1_405' title='bbox 860 4409 989 4488; x_wconf 91' lang='lat' dir='ltr'>periculo</span> <span class='ocrx_word' id='word_1_406' title='bbox 1004 4411 1071 4470; x_wconf 85' lang='lat' dir='ltr'>vitae</span> <span class='ocrx_word' id='word_1_407' title='bbox 1084 4411 1214 4472; x_wconf 84' lang='lat' dir='ltr'>maximo</span> 
     </span>
    </p>
   </div>
   <div class='ocr_carea' id='block_1_3' title="bbox 0 0 1336 4792">
    <p class='ocr_par' dir='ltr' id='par_1_5' title="bbox 0 0 1336 4792">
     <span class='ocr_line' id='line_1_46' title="bbox 0 0 1336 4792; baseline 0 2"><span class='ocrx_word' id='word_1_408' title='bbox 0 0 1336 4792; x_wconf 95' lang='lat' dir='ltr'> </span> 
     </span>
    </p>
   </div>
  </div>
 </body>
</html>
