2662 4792
110 255 169 312 522
404 254 624 317 ADVERSUS
655 256 910 318 APATURIUM.

111 428 147 467 eo
160 364 365 469 commercium
380 409 542 470 intercedat
555 411 599 471 vel
616 412 767 472 nauticum
780 412 827 472 vel
841 419 988 489 terrestre,
1002 408 1205 488 exceptionem

112 499 235 580 opposui
250 520 308 562 non
322 499 450 567 licereei
464 521 553 582 agere
562 502 609 563 bis
618 503 743 582 legibus.

568 815 574 827 ι
588 728 728 790 LEGES.

148 874 178 930 2.
194 874 242 932 Ao
252 874 424 952 Apaturium
439 885 543 934 contra
554 873 609 933 has
618 873 704 952 leges
719 870 805 930 diem'-
817 869 887 929 mihi
906 868 1013 928 dixisse
1027 876 1057 926 et
1070 864 1146 925 falso
1160 882 1207 924 me

39 994 43 999 ·
109 962 277 1037 accusasse,
297 965 328 1024 id
347 985 405 1044 ego
418 965 500 1025 vobis
516 964 702 1041 multrlarram
714 963 879 1024 ostendam
922 960 996 1040 Ego,
1010 958 1143 1028 Judices,
1144 956 1209 1037 qui

84 1127 92 1154 ι
106 1055 221 1162 longo'
209 1077 271 1136 Jam
291 1067 422 1137 tempore
440 1078 477 1118 ex
500 1067 664 1118 mercatura
677 1066 822 1135 quaastum
836 1055 922 1124 facio,
937 1050 1152 1132 aliquousque
1144 1068 1208 1128 ipse

110 1149 183 1207 meri
196 1168 243 1209 me
257 1150 489 1210 committebam·
511 1150 642 1211 nondum
658 1157 754 1210 autem
768 1147 910 1228 septimus
923 1164 1018 1206 annus
1039 1144 1110 1204 abiit
1129 1159 1208 1213 cum,

110 1236 295 1320 navigatione
318 1243 438 1313 omissa,
459 1242 622 1301 mediocres
641 1259 714 1320 opes
734 1259 807 1317 quas
826 1239 922 1298 babeo
943 1237 1040 1296 nautis
1061 1231 1213 1294 credendo·

110 1350 172 1405 rem
185 1332 284 1403 facere
298 1349 400 1392 conor.
443 1333 533 1396 Quod
546 1352 615 1390 vero
634 1340 664 1390 et
678 1331 759 1388 varia
780 1329 891 1388 accessr
883 1328 973 1387 'loca
987 1336 1017 1387 et
1030 1323 1188 1402 frequens
1178 1342 1209 1382 ιιι

110 1433 251 1482 mercatu
249 1440 364 1494 versor,
379 1441 445 1482 cum
460 1421 591 1500 plurimis
605 1439 706 1480 eorum
720 1419 770 1497 qui
785 1418 924 1496 navigant
941 1425 1028 1475 notus
1043 1434 1122 1484 sum3
1145 1418 1209 1486 turn

109 1512 261 1592 Byzantiis
274 1513 360 1574 valde
374 1511 462 1572 etiam
476 1511 652 1571 familiariter
667 1518 744 1589 utor,
762 1519 794 1568 ut
811 1508 843 1567 in
860 1526 896 1568 ea
911 1507 983 1566 urbe
1002 1505 1122 1588 diutius
1126 1524 1208 1567 com·
1214 1548 1217 1552 -

110 1615 252 1665 moratus.
294 1603 372 1663 Cum
385 1612 483 1663 autem
496 1605 539 1662 ita
552 1622 584 1662 se
598 1606 646 1661 res
659 1621 744 1672 meae,
760 1610 792 1659 ut
809 1599 886 1672 dico,
904 1600 1057 1672 haberent,
1070 1599 1130 1659 huc
1142 1616 1211 1677 pro·

110 1697 207 1756 lectus
215 1705 267 1756 -est
276 1694 384 1755 abhinc
398 1694 554 1756 triennium
566 1695 622 1755 iste
633 1713 700 1755 cum
710 1693 773 1754 cive
786 1711 839 1753 suo
854 1693 1057 1763 Parmenonte,
1069 1690 1223 1771 Byzantio·

64 1785 66 1790 ’
112 1797 236 1866 genere,
250 1787 305 1846 sed
324 1786 442 1847 exsule:
464 1806 636 1864 mecumque
656 1785 688 1845 in
708 1794 839 1845 mercatu
858 1785 1009 1864 congressi
1030 1784 1210 1845 mentionem

109 1880 243 1958 pecuniae
263 1878 407 1938 fecerunt.
439 1866 587 1940 ,Debebat
608 1878 685 1939 enim
708 1877 766 1936 iste
789 1897 842 1956 pro
861 1897 936 1938 nave
950 1877 1226 1957 suaquadraginta,

112 1972 218 2045 minas,
232 1980 263 2033 et
281 1991 299 2031 a
321 1972 514 2045 creditoribus
537 1991 588 2050 per
611 1969 811 2051 injuriamita
831 1971 1001 2050 urgebatur,
1017 1979 1094 2031 utet
1107 1987 1211 2031 navens

110 2061 175 2142 ejus
189 2050 515 2143 pignerarentur,‘quod
530 2065 570 2124 ad
587 2050 667 2124 diem
686 2082 754 2123 non.
764 2062 909 2123 solvisset.
952 2062 1099 2122 AEstuanti
1112 2066 1226 2121 autern·

110 2156 138 2215 ei
158 2164 188 2214 et
207 2155 361 2233 pecuniam
382 2175 441 2216 non
464 2156 583 2216 habenti
607 2175 639 2216 se
660 2154 753 2214 minas
773 2153 875 2213 decem
898 2145 1215 2231 pollicetur·daturum'

111 2246 269 2316 Parmeuo;
293 2248 347 2330 iste
362 2267 431 2308 vero
445 2268 492 2308 tne
506 2257 571 2309 orat
584 2258 616 2307 ut
631 2247 685 2307 sibi
695 2246 815 2324 triginta
827 2246 920 2306 minas
931 2247 1126 2326 suppeditem,
1140 2265 1210 2307 con-

111 2357 236 2416 querens
252 2358 285 2398 se
299 2359 317 2398 a
330 2339 522 2400 oreditoribus
536 2341 586 2420 qui
601 2358 705 2399 navem
718 2348 891 2418 appeterent
910 2338 940 2396 in
964 2339 1095 2398 mercatu
1109 2338 1215 2398 tradua

112 2440 203 2502 ctum,
218 2442 261 2503 ut,
276 2451 308 2506 se
321 2451 357 2490 eo
372 2432 428 2491 loci
444 2432 564 2491 redacto
579 2452 616 2491 ne
633 2431 786 2510 pecuniam
801 2430 923 2489 reddere
939 2440 1051 2509 posset,
1066 2430 1122 2509 ipsi
1136 2449 1210 2490 nave

111 2523 284 2601 potirentur.
326 2522 370 2580 Ac
384 2521 454 2579 mibi
473 2521 592 2600 quidem
613 2541 743 2600 praesens
764 2522 888 2600 pecunia
906 2541 965 2579 non
980 2531 1053 2590 erat,
1067 2521 1129 2592 sed,
1142 2539 1209 2580 cum

112 2613 149 2671 ab
160 2612 318 2672 Heraclide
329 2612 476 2671 mensurio
486 2631 545 2689 quo
561 2613 685 2671 utebar
678 2623 877 2716 impetrassem
891 2622 924 2671 ut
934 2613 966 2670 ei
980 2622 1127 2672 mutuaret
1129 2613 1209 2693 ,ipse

110 2722 164 2799 pro
185 2722 220 2763 eo
238 2703 392 2782 spopondi.
434 2703 567 2782 Triginta
588 2723 673 2782 porro
692 2704 779 2763 minis
793 2705 856 2783 jam
878 2705 1047 2776 numeratis,
1068 2704 1209 2777 alienatus

113 2805 176 2853 erat
194 2794 231 2853 ab
250 2793 309 2852 isto
325 2791 481 2853 Parmeno.
523 2794 584 2853 Sed
604 2794 685 2873 quia
689 2793 784 2853 minas
801 2797 827 2854 ei
849 2797 950 2857 decem
964 2796 1145 2906 promiserat,
1157 2781 1211 2856 ha·
1230 2852 1233 2861 ,

112 2906 252 2975 rumque
247 2895 305 2945 tres
321 2884 454 2953 dederat,
471 2886 509 2945 ob
522 2886 600 2944 hanc
614 2905 703 2964 quam
723 2886 810 2946 modo
824 2888 883 2947 dixi
900 2888 1053 2966 pecuniam
1066 2880 1211 2965 reliquum

112 2977 199 3035 etiam
212 2960 281 3041 da‘re
293 2975 462 3056 cogebatur.
496 2977 560 3037 Ac
552 2996 614 3056 rpse
629 2977 685 3037 hac
697 2977 735 3038 de
745 2997 836 3038 causa
844 2979 940 3040 facere
948 2980 1064 3049 tabulas
1074 2979 1209 3040 nolebat:

112 3087 159 3126 rue
173 3087 242 3129 vero
256 3069 298 3126 ita
311 3086 361 3127 eas
369 3067 519 3128 conficere
536 3068 670 3148 jubebat,
688 3078 722 3127 ut
743 3069 798 3127 sibi
820 3072 929 3148 optime
940 3070 1102 3131 caveretur.
1145 3071 1210 3151 Ego

112 3159 242 3241 acceptis
257 3168 370 3237 septem
384 3177 402 3218 a
415 3159 613 3239 Parmenonte
626 3160 724 3234 minis,
738 3168 768 3219 et
788 3160 855 3233 isto,
864 3171 924 3221 tres
939 3162 1003 3223 illas
1017 3183 1090 3242 quas
1104 3165 1141 3224 ab
1155 3164 1208 3224 illo

4 3326 13 3335 ,
112 3259 266 3328 acceperat
286 3259 385 3322 antea,
405 3269 504 3310 coram
525 3253 674 3327 confesso,
696 3272 761 3317 emo
785 3272 888 3312 navem
912 3257 949 3313 ab
963 3274 999 3314 eo
1013 3263 1044 3314 et
1056 3255 1210 3334 mancipia,

112 3339 207 3400 donec
228 3340 330 3401 decem
350 3341 444 3401 minas
465 3342 601 3403 redderet
620 3364 694 3422 quas
717 3366 769 3425 per
791 3366 837 3405 me
856 3356 1021 3423 acceperat,
1043 3337 1072 3407 et
1091 3347 1211 3426 triginta
1231 3385 1235 3390 -

113 3450 237 3508 quarum
262 3450 309 3489 me
331 3450 503 3510 sponsorem
525 3437 671 3497 mensario
693 3437 897 3499 constituerat.
944 3440 988 3498 Ac
1013 3449 1061 3501 ut„
1069 3458 1115 3498 me
1140 3459 1210 3507 vera

113 3521 209 3583 dicere
224 3532 352 3596 constet,
365 3523 463 3583 audite
478 3524 651 3586 testimonia.

525 3758 796 3818 TESTIMONIA.

153 3898 182 3955 3.
201 3895 251 3977 Ad
268 3893 347 3955 hunc
368 3897 487 3971 modurn
512 3899 671 3959 creditores
691 3900 817 3959 absolvit
837 3897 1012 3977 Apaturius:
1038 3919 1097 3960 non
1118 3903 1210 3963 multo

111 3997 181 4066 post
198 4005 298 4046 mensa
319 4006 431 4067 eversa,
450 3997 481 4047 ct
503 3988 659 4049 Heraclide
681 3991 766 4065 initio,
777 3990 919 4060 latitante,
934 3988 991 4048 iste
1015 4012 1067 4072 per
1088 3993 1208 4063 insidias

111 4079 234 4155 Athenis
246 4079 382 4159 ablegare
396 4079 544 4159 mancipia
557 4090 587 4140 et
599 4090 685 4159 portu
697 4101 805 4155 navem¹
816 4081 944 4140 educere
954 4082 1089 4147 instituit.
1123 4086 1209 4147 Unde

111 4169 204 4248 prima
225 4191 292 4231 cum
315 4189 351 4230 eo
375 4171 445 4229 mihi
466 4173 665 4233 controversia
683 4174 802 4233 exstitit.
844 4172 1060 4243 Animadversa
1078 4176 1156 4237 enim
1178 4197 1209 4238 re

111 4259 256 4322 Parmeno
278 4274 308 4322 et
330 4263 476 4342 mancipia
495 4283 562 4342 quae
583 4264 805 4326 abducebantur
825 4264 937 4344 arripit,
960 4278 991 4326 et
1012 4287 1117 4328 navem
1141 4289 1209 4329 eum

112 4369 293 4435 commovere
307 4367 393 4435 portu
407 4354 553 4437 prohibet,
567 4357 680 4417 etmihi
694 4355 837 4417 accersito
850 4377 911 4437 retu
922 4369 1044 4429 narrat..
1071 4362 1141 4428 Qua
1150 4381 1207 4440 ego
