2662 4792
369 303 586 365 ADVERSUS
608 305 861 370 CALLIPPUM.
1095 316 1150 372 711

60 455 253 535 jnrejorsndo
283 466 313 515 et
335 476 401 517 cuni
422 459 612 538 jurejurando
637 463 719 524 illum
743 466 867 526 fortasse
890 484 950 525 non
974 464 1153 539 offendisset,

64 566 148 628 qoem
160 548 400 629 msgniimiebnt.
427 549 478 610 Me
492 571 562 612 vero
573 553 635 615 nine
644 556 833 638 jurejurando
848 557 929 637 perri
939 556 1075 632 faciebat,
1087 578 1154 619 cnm

59 640 254 721 jurejurando
279 651 376 702 nutem
398 643 522 705 fortasse
547 665 606 706 non
628 647 801 710 offendisset
824 660 926 729 suapte
949 668 1057 710 causa:
1083 670 1156 728 qus·

65 742 182 815 propter
194 734 342 813 injuratus
354 736 565 815 pronunciavit.
603 738 677 800 Haec
691 741 777 801 etiam
791 762 858 802 vere
872 761 890 802 s
903 761 949 803 me
963 742 1031 817 dici,
1044 763 1061 804 e
1075 744 1156 804 testi-

65 824 119 884 bus
130 824 182 905 qni
195 823 392 884 interfuerunt
405 828 599 905 cognoscetis.

527 1058 689 1119 TESTES.

105 1202 154 1261 10.
174 1200 258 1269 Quid
271 1200 359 1279 igitur
372 1212 474 1261 contra
487 1212 518 1261 et
530 1202 613 1281 leges
628 1212 658 1260 et
671 1200 836 1278 aequitutem
849 1200 987 1279 perficere
1001 1198 1153 1279 Callippus

67 1292 165 1373 possit,
186 1291 358 1362 Judices,e
380 1293 547 1353 testimonio
566 1292 697 1352 audistis.
740 1292 800 1351 Oro
822 1302 919 1352 autem
931 1310 994 1363 vos,
1007 1300 1037 1351 et
1048 1311 1113 1351 mea
1126 1303 1156 1351 et

68 1384 155 1465 petris
167 1402 273 1456 causo,
288 1385 330 1442 uti
350 1385 545 1457 memineritis,
558 1405 605 1447 me
623 1383 706 1444 vobis
720 1385 849 1444 omnium
863 1402 961 1442 eorum
974 1403 1041 1460 quse
1053 1383 1112 1441 dixi
1126 1395 1156 1443 et

68 1486 153 1537 metes
174 1486 207 1536 et
228 1486 401 1555 arguments
418 1488 448 1536 et
466 1477 548 1556 leges
565 1486 596 1538 et
607 1477 792 1558 probationes
806 1460 993 1544 exhibuisse;
1014 1485 1044 1534 et
1057 1486 1156 1535 osten-

68 1568 141 1629 disse
154 1570 256 1640 istum,
270 1588 339 1629 cum
353 1568 381 1627 ei
393 1569 501 1642 liceret,
521 1569 546 1629 si
564 1567 635 1648 quid
643 1566 717 1648 juris
733 1569 763 1628 in
781 1587 847 1629 eam
860 1568 1013 1648 pecuniam
1025 1567 1159 1640 haberet,

69 1661 271 1743 scephisisde
283 1670 381 1740 petere
395 1663 445 1740 qui
459 1681 492 1722 oe
502 1671 533 1723 et
544 1662 689 1741 recepisse
701 1660 781 1721 illum
794 1670 825 1721 et
833 1661 941 1721 habere
954 1661 1059 1721 fatetur
1070 1662 1156 1739 (prae-

70 1752 374 1814 sertimsstisfuctione
387 1753 497 1813 anobis
506 1754 691 1814 nihilominus
705 1755 849 1832 accepta),
864 1772 922 1811 non
935 1762 1032 1812 tamen
1043 1763 1155 1831 petere,

71 1846 196 1925 qumvis
219 1845 296 1905 seint
313 1864 372 1904 non
395 1865 485 1925 penes
509 1866 562 1907 nos
585 1866 649 1906 esse
674 1865 826 1905 nummos:
861 1863 966 1924 meque
987 1844 1155 1905 absolvatis.

73 1932 153 2005 Quod
165 1938 192 1998 si
204 1936 345 2009 feceritis,
354 1937 477 2017 primum
486 1938 564 2017 juste
577 1958 616 1999 ex
628 1939 728 2018 legum
738 1939 910 1998 auctoritate
919 1938 1155 2017 pronunciantis,

74 2026 172 2091 &nde
182 2040 219 2089 ut
230 2040 262 2090 et
273 2039 373 2089 vestra
385 2039 414 2089 et
426 2029 515 2109 patris
535 2033 591 2091 mei
604 2030 731 2110 dignitas
748 2031 896 2110 postulat:
917 2049 985 2089 nam
1004 2050 1059 2110 ego
1072 2032 1154 2091 vobis

76 2136 167 2183 mes
184 2140 270 2181 mess
292 2120 423 2180 fortunus
448 2120 552 2180 cedere
574 2121 703 2195 mallem,
720 2142 809 2199 quam
830 2141 883 2200 per
906 2120 1039 2198 injuriam
1060 2131 1091 2180 et
1105 2141 1155 2182 cs-

76 2210 204 2277 houm
220 2214 380 2294 quicquum
398 2214 573 2293 dependere.
