2662 4792
108 287 169 346 604
398 281 617 375 reversus
638 278 908 341 rusurrensi.

108 440 198 512 liaris,
214 449 244 499 et
263 458 342 500 nnnc
359 438 484 519 denique
498 458 545 498 me
559 438 616 497 tria
628 436 738 497 talenta
757 436 881 516 reipubl.
904 451 1055 495 numerare
1078 442 1206 513 oportet,

110 530 253 592 talentum
270 549 323 610 pro
342 529 558 609 portione-fui
581 528 658 589 enim
670 538 700 588 et
712 528 784 607 ipse,
797 527 877 607 quod
890 527 1001 587 utinam
1012 536 1089 585 esset
1111 525 1206 597 aliter,

109 624 218 685 fodinae
233 623 390 704 publicatae
410 624 630 703 particeps-ut
647 622 677 681 in
699 641 795 681 meum
814 621 911 681 locum
928 617 1104 680 substituere
1118 637 1207 678 coner

110 735 187 788 eum,
200 717 250 794 qui
264 736 324 776 non
337 735 417 776 nunc
436 718 525 777 modo
543 727 588 776 est
603 735 649 774 me
662 713 848 793 locupletior,
863 713 917 773 sed
932 713 1012 792 prius
1034 712 1123 771 etiam
1142 710 1208 783 ruit,

111 817 142 868 et
164 807 277 866 nullum
302 807 386 866 vobis
410 828 540 887 unquam
559 825 664 866 munus
687 806 768 877 obiit,
789 825 886 885 neque
906 804 1031 884 reipubl.
1052 803 1208 883 quicquam

109 898 252 959 hactenus
266 899 400 969 contulit,
413 919 536 960 necesse
557 909 610 959 est.
652 898 714 958 Vos
733 899 821 977 igitur
841 917 945 957 omnes
959 916 1023 967 oro,
1038 896 1173 968 Judices,
1184 894 1208 955 si

111 990 269 1051 ostendero
280 990 471 1070 Phaenippum
485 1001 516 1051 et
533 991 652 1051 definita
664 989 779 1068 legibus
793 990 863 1070 jura
876 989 1001 1049 violasse
1013 998 1045 1047 et
1056 985 1210 1066 locupleti·

111 1101 191 1143 orem
204 1100 372 1161 essequam
385 1103 441 1161 ego
455 1102 531 1156 sum,
552 1093 587 1142 ut
608 1092 638 1142 et
662 1101 708 1141 me
723 1081 843 1161 juvetis,
857 1090 888 1141 et
906 1081 994 1142 istum
1014 1098 1079 1139 meo
1099 1078 1165 1139 loeo
1178 1077 1209 1138 in

111 1183 307 1234 trecentorum
322 1175 445 1235 classem
461 1174 601 1235 referatis.
643 1174 766 1251 Propter
785 1172 842 1232 hoc
856 1172 932 1232 enirn
953 1173 1035 1250 leges
1053 1170 1209 1249 quotannis

110 1268 338 1345 permutationes
358 1266 534 1339 concedunt,
549 1266 629 1346 quod
642 1265 825 1325 conservatio
838 1274 981 1344 perpetua
1001 1262 1043 1322 rei
1060 1261 1210 1322 familiaris

113 1367 143 1418 et
163 1359 344 1420 incrementa
362 1359 463 1438 paucis
486 1359 598 1419 civibus
611 1377 781 1437 permanere
801 1359 907 1419 solent.
947 1357 995 1416 Ab
1012 1355 1094 1415 initio
1112 1364 1210 1416 autem

111 1450 195 1511 vobis
209 1451 306 1512 omnia
320 1472 386 1531 qnae
401 1451 430 1510 in
444 1451 659 1531 permutatione
673 1450 843 1511 acciderunt
854 1449 1097 1511 commemorabo

155 1547 183 1603 3.
205 1545 316 1605 Mensis
333 1544 482 1616 Quintilis,
504 1544 636 1615 Judices,
658 1543 705 1602 die
725 1544 866 1616 secundo,
881 1544 972 1603 duces
987 1540 1128 1601 trecentis
1145 1559 1210 1621 per·

113 1638 290 1696 mutationes
310 1645 534 1717 proposuerunt.
577 1636 611 1694 ln
633 1636 668 1695 iis
690 1655 727 1695 ex
747 1636 814 1714 lege
833 1636 1027 1715 Phaenippnm
1047 1634 1154 1695 citavi:
1175 1652 1210 1693 eo

113 1727 202 1804 igitur
215 1729 305 1788 citato
319 1739 349 1789 et
362 1728 499 1789 adhibitis
513 1727 688 1807 quibusdam
707 1729 896 1789 familiaribus
912 1738 943 1788 et
955 1728 1066 1798 amicis,
1082 1728 1213 1808 Cythera

115 1818 154 1877 ivi
166 1820 196 1877 in
211 1820 275 1899 ejus
289 1820 425 1880 fundum.
467 1821 512 1879 Ac
531 1820 655 1899 primum
677 1821 735 1880 obii
749 1821 872 1881 fundum
892 1820 1031 1900 ejusqui
1052 1820 1212 1882 stadiorum

115 1920 179 1981 erat
201 1912 325 1991 amplius
347 1913 542 1991 quadraginta
560 1913 756 1985 circumcirca,
770 1923 801 1973 et
820 1914 936 1973 ostendi
957 1922 987 1974 et
1003 1922 1129 1977 testatus
1148 1932 1213 1972 snnr

115 2022 214 2063 coram
234 2004 406 2083 Phaenippo,
421 2004 519 2063 nullos
540 2005 633 2067 fundo
655 2005 771 2065 libellos
791 2005 895 2065 affixos
919 2026 1003 2066 esse:
1030 2005 1076 2065 sin
1099 2005 1161 2085 ipse
1183 2005 1211 2064 id

116 2095 283 2167 affirmaret,
298 2097 396 2156 statim
409 2116 476 2156 eum
495 2096 594 2157 dicere
610 2098 749 2176 jubebam
764 2108 794 2159 et
814 2098 981 2170 ostendere,
994 2109 1028 2157 ut
1049 2106 1097 2157 ne'
1111 2108 1214 2178 postea

115 2187 222 2248 fundus
242 2210 299 2250 mre
313 2190 408 2250 alieno
422 2190 579 2251 obstrictus
594 2211 659 2252 esse
673 2191 881 2271 perhiberetur.
924 2190 1041 2251 Deinde
1061 2189 1215 2271 obsignavi

63 2332 66 2337 .
116 2281 272 2355 domicilia,
286 2292 317 2342 et
329 2303 409 2344 meas
422 2286 501 2344 aedes
516 2303 583 2343 eum
593 2285 706 2364 ingredi
717 2285 802 2362 jussi.
838 2284 947 2344 Postea
955 2285 1087 2363 quaesivi,
1101 2286 1152 2344 ubi
1163 2304 1213 2344 ex·

116 2392 234 2433 cussum
249 2374 427 2435 frumentum
447 2385 648 2437 esset-erant
667 2378 743 2436 enim
767 2378 817 2450 ibi,
830 2377 962 2450 Judiccs,
976 2378 1059 2438 divos
1073 2378 1214 2460 divasque

116 2476 217 2539 testor,
232 2466 298 2526 duae
316 2487 402 2539 areae,
415 2467 505 2527 ferme
520 2469 618 2548 jugeri
641 2469 831 2553 amplitudine
855 2480 1026 2549 utraque-,
1041 2471 1066 2530 is
1079 2492 1150 2532 vero
1170 2491 1214 2532 re·

118 2558 246 2636 spondit,
259 2558 437 2619 frumentum
450 2562 555 2639 partim
570 2561 730 2633 venditum,
745 2564 849 2641 partim
871 2562 950 2623 intus
965 2584 1030 2625 esse
1044 2566 1213 2644 repositum.

119 2652 264 2726 Tandem,
286 2673 324 2712 ne
345 2652 466 2731 longum
490 2654 607 2725 faciam,
631 2657 769 2715 constitui
792 2657 932 2716 custodes
955 2659 1033 2718 intus
1060 2659 1214 2738 quosdam,

119 2756 206 2824 atque
230 2745 432 2806 mediusfidius
453 2745 539 2821 etiam
564 2747 641 2807 edixi
663 2759 698 2808 ut
720 2759 831 2808 vetaret
856 2769 999 2829 agasones
1025 2752 1215 2810 materiame

118 2839 212 2899 fundo
225 2838 458 2899 avehere-nam
472 2850 576 2919 praeter
588 2851 709 2901 caeteras
722 2841 875 2922 Phaenippi
889 2864 970 2923 opes,
978 2844 1111 2916 ludices,
1126 2843 1213 2903 etiam

118 2933 168 2993 hic
181 2932 305 3013 amplius
320 2942 366 2993 est
379 2933 406 2992 ei
418 2933 542 3005 reditus,
556 2952 607 2992 sex
627 2932 701 2993 asini
722 2954 773 3014 per
794 2942 889 2993 totum
903 2955 1013 2994 annum
1026 2935 1175 2994 materiam
1189 2933 1216 2993 ei

117 3025 246 3094 vehunt:
268 3026 347 3086 unde
361 3026 415 3086 iste
427 3026 457 3084 in
472 3025 602 3104 singulos
613 3010 679 3086 dies
697 3026 821 3106 amplius
836 3027 869 3060 '¹‘
883 3027 1029 3088 drachmis
1042 3026 1215 3107 percipit-,

119 3139 187 3181 cunr
201 3120 288 3199 igitur
301 3119 344 3179 eis
357 3117 572 3179 interdixissem
587 3139 625 3178 ue
639 3119 788 3179 materiam
802 3121 989 3199 attingerent,
1004 3131 1034 3182 et
1051 3119 1215 3199 Pboenippo

120 3213 355 3284 denunciassem,
369 3223 402 3273 ut
413 3233 449 3273 ex
466 3214 637 3292 praescripto
650 3215 725 3293 legis
736 3216 774 3274 ad
790 3235 873 3274 sacra
892 3226 997 3294 praesto
1014 3224 1102 3285 esset,
1116 3215 1146 3273 in
1166 3234 1214 3274 ur-

119 3305 186 3364 bem
200 3306 282 3365 redii.

160 3402 191 3457 4.
213 3398 342 3457 Primum
365 3399 452 3477 igitur
473 3418 573 3459 eorurn
598 3420 664 3479 quae
685 3402 748 3461 dixi
769 3405 935 3463 testimonia
951 3403 1032 3464 vobis
1054 3402 1214 3463 exhibebo:

122 3490 228 3550 deinde
242 3500 272 3549 et
286 3491 323 3549 de
334 3491 447 3549 caeteris
460 3492 584 3552 audietis
599 3513 714 3554 onrnem
729 3497 887 3555 veritatem.
923 3496 1116 3575 Phaenippum
1129 3496 1215 3567 enim,

122 3580 256 3655 ludices,
271 3582 393 3661 aprimo
416 3583 464 3642 die
484 3587 581 3645 statim
601 3586 671 3645 nihil
685 3586 755 3666 justi
769 3589 913 3665 cogitasse
927 3589 1085 3667 reperietis.
1127 3589 1216 3648 Obsi·

121 3678 209 3757 gnavi
223 3676 379 3748 domicilia,
395 3679 538 3756 permissu
554 3679 647 3758 legis:
670 3680 725 3740 iste
739 3683 861 3759 aperuit.
905 3685 952 3741 Ac
967 3682 1083 3761 signum
1097 3681 1216 3760 quidem

122 3771 276 3832 sustulisse
289 3770 448 3831 fatebatur:
470 3772 546 3831 fores
568 3784 665 3833 antem
685 3794 717 3833 se
738 3775 885 3852 aperuisse
902 3776 1039 3853 negabat,
1051 3775 1137 3853 quasi
1150 3794 1217 3835 vero

121 3865 210 3925 aliam
233 3865 271 3924 ob
292 3883 420 3936 cansam,
443 3866 591 3944 quemad
618 3868 695 3926 iores
724 3868 905 3945 aperiendas,
928 3868 1012 3946 signa
1040 3869 1216 3928 sustulisset.

124 3957 241 4017 Deinde
255 3955 332 4016 vetui
354 3977 392 4015 ne
411 3957 530 4016 materia
550 3958 736 4019 eveheretur:
758 3960 813 4019 iste
838 3961 969 4039 qnotidie
989 3960 1095 4030 everrit,
1118 3980 1154 4022 eo
1169 3962 1217 4021 die

123 4059 256 4130 excepto,
271 4068 328 4127 quo
343 4068 398 4127 ego
417 4051 505 4109 vetui.
548 4050 639 4110 Nullo
654 4073 711 4112 aere
727 4053 822 4112 alieno
843 4054 951 4113 fundus
965 4054 1122 4113 obstrictus
1137 4065 1217 4115 erat:

123 4144 269 4204 nunciate
283 4141 404 4200 multum
418 4142 484 4200 aeris
503 4142 589 4202 alieni
610 4146 728 4223 profert.
771 4147 805 4204 ln
820 4166 943 4220 summa,
958 4148 1028 4207 facit
1040 4148 1216 4226 quodlibet,

123 4254 183 4293 non
207 4234 286 4314 quod
306 4235 388 4312 leges
408 4233 522 4313 jubent.
574 4237 679 4298 Recita
701 4239 874 4313 testimonia,
896 4240 1017 4319 primum
1045 4241 1082 4301 de
1105 4241 1219 4313 sodiua,

112 4325 232 4409 'deinde
245 4338 275 4388 et
286 4338 402 4388 cetera.
