2662 4792
110 278 170 335 612
379 276 601 339 ADVERSUS
622 272 932 341 MACARTATUM.
1019 312 1029 327 .

112 432 219 511 guium,
234 430 418 503 Eubulidem,
434 432 584 505 Stratinm,
599 432 777 502 Habronem,
792 441 823 491 et
836 427 1034 489 Cleocritumt
1054 423 1086 483 hi
1101 440 1205 483 omnes

113 523 215 586 aneli
226 522 277 583 lilii
290 524 343 584 viri
356 523 426 583 facti
444 532 521 598 sunt,
534 524 610 584 inter
625 544 698 602 qnos
713 542 813 583 omnes
828 520 954 581 Buselus
969 516 1124 578 facultates
1137 532 1207 574 snas

112 627 190 677 recte
203 628 232 675 et
240 621 329 692 juste,
343 626 376 676 ut
389 617 592 689 conveniebat,
606 615 762 675 distribuit.
790 614 893 673 Partiti
906 610 1073 680 facultates,
1087 624 1207 667 uxorem

113 708 236 789 quisque
250 707 333 768 duxit
347 719 380 768 ut
391 707 473 787 leges
486 718 591 769 vestras
602 710 722 785 jubent:
743 716 773 764 et
784 705 835 765 filii
847 704 909 764 nati
923 712 992 763 sunt
1011 700 1053 760 eis
1071 698 1207 759 omnibns

113 812 143 859 et
161 810 304 879 nepotes:
326 800 470 879 factoeque
491 810 560 860 sunt
583 820 620 860 ex
642 799 729 859 unica
751 796 852 857 aneli
875 796 1002 875 quinque
1023 791 1158 853 familias:
1179 799 1208 858 et

113 892 234 953 seorsim
247 892 373 973 quisque
386 892 536 964 habitavit,
552 911 634 952 snam
648 891 770 969 quisque
781 890 900 950 domum
914 886 1026 959 habuit,
1039 893 1070 945 et
1079 882 1209 947 sobolem

114 985 287 1063 procreavit.
330 985 378 1044 De
391 986 484 1045 tribus
498 985 584 1063 igitur
596 983 733 1042 fratribus
746 980 845 1041 aneli
859 979 924 1039 filiis
938 996 1096 1056 eorumque
1110 984 1209 1055 poste·

113 1075 163 1147 ris,
176 1076 194 1135 J
198 1075 309 1147 udices,
323 1076 392 1156 quid
408 1095 464 1154 ego
477 1074 560 1134 vobis
574 1074 722 1153 negotium
737 1074 881 1134 facessam
895 1083 925 1132 st
937 1071 1008 1131 mihi
1020 1070 1086 1149 ipsi,
1099 1068 1136 1129 de
1149 1069 1208 1128 sin·

114 1168 190 1246 gulis
204 1168 413 1228 memorando?
434 1167 510 1226 Cum
523 1167 600 1227 enim
615 1167 645 1225 in
659 1166 763 1226 eodem
774 1167 833 1226 sint
844 1185 951 1244 genere
965 1183 1031 1223 cnm
1043 1163 1209 1241 Theopom-

113 1279 152 1339 po
165 1270 196 1321 et
208 1280 309 1321 omnes
323 1279 407 1338 seque
427 1259 574 1339 Hagniam
589 1260 745 1339 attingant,
758 1262 842 1337 cnjus
863 1268 909 1317 est
928 1255 1097 1326 hsereditas,
1110 1253 1209 1319 nullus

113 1371 214 1412 eorum
222 1373 317 1431 neque
325 1352 404 1432 prins
414 1370 543 1429 unquam
557 1371 653 1431 neque
666 1372 745 1411 nuno
755 1351 895 1411 molestus
907 1348 989 1409 nobis
1000 1348 1056 1407 fnit
1068 1355 1120 1407 aut
1128 1345 1209 1407 litem

114 1444 318 1523 monitusque
330 1445 377 1505 vel
391 1444 429 1504 de
441 1444 614 1504 haereditate
626 1443 752 1523 Hagniae
762 1443 807 1503 rel
821 1443 859 1502 de
870 1442 989 1501 muliere
999 1439 1111 1519 pupilla
1119 1457 1209 1518 quam

113 1554 170 1615 ego
193 1536 287 1596 habeo
302 1535 331 1595 in
349 1535 461 1615 judicio
486 1535 638 1597 nobiscum
657 1535 819 1606 contendit,
841 1534 893 1594 sed
917 1533 1120 1593 existimarunt
1139 1530 1210 1590 nihil

114 1648 232 1708 prorsus
246 1629 284 1688 ad
296 1648 328 1689 se
340 1628 463 1689 attinere
475 1612 615 1708 quicquid
629 1638 710 1688 esset
724 1627 860 1706 Hagnisc.
886 1627 1144 1707 supervacaneum
1157 1623 1210 1702 igi·¹

115 1731 162 1779 tur
184 1720 254 1779 mihi
271 1740 337 1781 esse
357 1721 471 1780 videtur
485 1722 640 1799 quicquam
654 1720 691 1779 de
705 1720 748 1779 his
762 1720 871 1791 dicere,
887 1719 941 1778 nisi
957 1728 1102 1798 qnatenus
1121 1715 1210 1775 attin-

115 1812 243 1891 gendum
265 1813 335 1873 crit:
357 1814 393 1873 de
407 1814 596 1893 Theopompo
617 1824 716 1872 autern
732 1812 888 1873 Macartati
908 1822 1001 1893 patre,
1015 1822 1046 1872 et
1065 1811 1127 1890 ipso
1144 1808 1211 1869 Ma-

115 1912 239 1977 cartato,
253 1902 290 1963 de
304 1904 349 1965 his
362 1915 409 1965 est
423 1905 493 1964 mihi
504 1905 669 1966 necessario
683 1904 847 1964 dicendum.
879 1903 941 1964 Res
954 1913 1063 1976 autem,
1077 1899 1211 1974 Judices,
1245 1924 1249 1929 ·

117 1996 219 2076 paucis
235 1997 363 2077 expediri
375 2007 484 2078 potest.

155 2092 185 2149 7.
208 2090 250 2151 Ut
270 2091 361 2171 paulo
378 2101 447 2153 ante
468 2093 631 2167 audivistis,
645 2093 755 2154 anelo
768 2093 898 2173 quinque
916 2092 991 2153 filios
1008 2091 1099 2151 fnisse
1111 2100 1210 2167 ustos,

114 2182 219 2253 horum
233 2185 379 2245 unnssuit
393 2186 527 2259 Stratius,
541 2206 631 2266 aquo
651 2187 835 2247 Macartatns
857 2185 995 2253 oriundus
1017 2195 1073 2256 est,
1088 2194 1121 2244 et
1139 2185 1212 2245 ulter

116 2275 260 2356 Hagnias,
284 2297 303 2339 a
323 2296 382 2357 quo
396 2298 469 2357 puer
485 2278 535 2339 hio
548 2278 689 2357 originem
705 2278 795 2338 ducit.
837 2277 930 2337 Natus
950 2287 1047 2337 antem
1070 2285 1115 2337 cst
1134 2274 1211 2337 filins

116 2358 242 2449 Hagnioe
256 2368 387 2440 Polemo,
402 2382 433 2431 et
449 2371 508 2431 filia
530 2371 740 2450 Phylonrache,
754 2391 835 2431 soror
850 2370 1016 2430 Polemonis
1030 2388 1171 2448 germane
1183 2378 1214 2430 et

115 2459 240 2520 uterina:
257 2461 365 2520 Stratio
381 2462 508 2541 Hagniae
522 2463 612 2523 fratre
625 2464 686 2523 nati
700 2463 968 2523 suntPhauostrate
982 2473 1012 2524 et
1021 2462 1213 2523 Charidemus

117 2550 274 2610 Macartati
290 2572 373 2611 avus.
399 2554 423 2611 E
436 2554 519 2614 vobis
533 2554 621 2633 igitur
636 2575 747 2634 quaro,
757 2555 888 2626 Judices,
901 2567 967 2616 nter
980 2554 1165 2637 conjunctior
1175 2553 1212 2615 sit

115 2657 146 2705 et
162 2646 280 2725 propior
290 2648 427 2727 Hagniae,
445 2648 471 2707 is
492 2649 612 2709 Polemo
633 2650 720 2722 filins,
734 2662 764 2711 et
777 2650 836 2709 filia
855 2650 1067 2731 Phylomache,
1081 2670 1120 2710 an
1133 2650 1212 2710 Cha-

115 2737 243 2797 ridemus
263 2739 362 2799 Stratii
382 2739 468 2811 filius,
484 2740 610 2818 Hagniae
627 2761 664 2800 ex
674 2742 764 2803 fratre
778 2742 890 2822 neposl
915 2734 991 2822 'Ego
1001 2743 1119 2822 quidem
1133 2753 1212 2803 certe

114 2829 217 2909 opinor
227 2830 319 2890 filium
331 2841 362 2892 et
376 2831 464 2891 filiam
478 2832 634 2911 unicuique
648 2844 780 2894 nostrum
794 2836 881 2914 longe
893 2834 1122 2915 conjunctiorem
1134 2855 1210 2908 esse,

113 2942 199 3001 quarn
223 2923 316 2983 fratris
338 2923 482 2983 sororisve
503 2924 612 2984 filium:
634 2945 727 3004 neque
748 2927 827 3006 apud
850 2947 903 2987 nos
922 2927 1027 3000 solnm,
1049 2926 1110 2987 sed‘
1123 2926 1211 2987 etiarn

114 3014 193 3094 apud
207 3026 330 3077 caeteros
345 3027 407 3075 tum
424 3016 546 3077 Graecos
559 3028 622 3077 tum
633 3018 777 3081 Barbaros
790 3020 848 3080 hoo
863 3029 1013 3099 receptum
1026 3029 1081 3081 est.
1122 3019 1212 3088 Quod

113 3128 181 3167 cum
209 3108 239 3167 in
262 3109 399 3169 confesso
422 3108 470 3180 sit,
491 3108 578 3168 facile
602 3110 664 3189 jam
684 3121 802 3182 caetera,
822 3112 953 3182 Judices,
977 3111 1154 3191 intelligetis,
1181 3120 1212 3171 et

113 3200 186 3260 istos
206 3201 344 3275 homines¹
362 3221 428 3261 esse
446 3200 590 3260 violentos
609 3212 639 3262 et
651 3213 812 3280 protervos
829 3203 971 3264 sentietis.

153 3295 182 3353 8.
203 3292 370 3352 Polemonis
383 3293 460 3353 enim
480 3292 607 3371 Hagniae
626 3294 677 3353 filii
698 3295 774 3355 filius
792 3296 848 3355 fnit
867 3296 1013 3374 Hagnias,
1026 3295 1130 3357 eodem
1144 3316 1210 3359 cum

114 3404 169 3443 avo
183 3404 237 3444 suo
252 3385 369 3463 Hagnia
382 3385 510 3445 nornine.
551 3385 592 3443 Et
615 3385 638 3443 is
652 3386 771 3465 quidem
785 3386 927 3467 posterior
943 3389 1078 3468 Hagnias
1097 3389 1162 3450 sine
1176 3389 1211 3449 li-

113 3476 190 3536 beris
206 3477 347 3536 decessit:
369 3476 578 3556 Phylomaohae
592 3488 700 3549 autem,
715 3480 821 3540 sororis
839 3479 1017 3553 Polemonis,
1031 3492 1061 3542 st
1080 3481 1211 3561 Philagri

113 3568 201 3627 —cni
215 3567 297 3628 dedit
306 3587 370 3627 eam
384 3568 472 3628 frater
485 3568 617 3640 Polemo,
629 3571 736 3651 quippe
751 3571 878 3650 patrueli
892 3592 964 3633 suo:
986 3574 1125 3653 Philager
1134 3574 1212 3635 enim

113 3663 189 3722 filins
204 3663 259 3722 fuit
272 3663 427 3723 Eubulidae
440 3664 537 3723 fratris
552 3665 728 3745 Hagnioe-,
744 3666 875 3746 Philagri
888 3688 959 3728 sane
973 3670 1112 3748 patruelis
1124 3671 1211 3731 Pole-

113 3756 217 3827 monis,
231 3756 307 3815 filins
320 3755 377 3815 suit
389 3756 550 3816 Eubulides
561 3770 708 3817 maternus
723 3778 794 3818 avus
808 3759 897 3837 hujus
910 3762 1003 3839 pueri.
1033 3764 1072 3821 Et
1085 3763 1116 3821 hi
1130 3763 1212 3823 liberi

112 3850 231 3909 fuerunt
251 3848 415 3918 Polemoni,
436 3858 476 3918 et,
500 3850 591 3909 sorori
612 3849 791 3923 Polemonis,
806 3851 1037 3931 Plrylomachae:
1067 3876 1083 3915 e
1108 3854 1212 3915 Chari-

112 3942 199 4002 demo
213 3951 310 4001 autem
324 3950 480 4009 natusest,
497 3941 595 4001 Stratii
617 3941 686 4011 filio,
707 3942 913 4023 Theopompus
934 3956 1017 4025 pater
1041 3949 1212 4008 Macartnti.

113 4034 219 4095 Denuo
232 4033 319 4112 igitur
333 4053 443 4113 quaero,
461 4033 593 4106 Judices,
609 4043 671 4093 uter
687 4035 871 4114 conjunctior
891 4037 929 4096 sit
951 4049 982 4097 et
1003 4039 1123 4120 propior
1148 4043 1213 4102 Ha·

112 4127 200 4204 gniae,
224 4126 316 4206 primo
341 4126 392 4198 illi,
414 4125 579 4185 Polemonis
601 4126 677 4185 iilius
703 4127 845 4206 Hagnias,
865 4140 895 4187 et
916 4130 1078 4191 Eubulides
1100 4133 1211 4213 Phylo-

112 4219 225 4278 maohae
239 4221 314 4279 filius
328 4230 358 4279 et
372 4217 511 4297 Philagri‚
527 4239 564 4277 an
582 4218 790 4299 Theopompus
814 4221 982 4282 Charidemi
1000 4224 1087 4296 filius,
1108 4227 1212 4287 Stratii

111 4310 225 4387 nepos?
247 4312 311 4390 Ego
335 4310 480 4381 existimo,
498 4309 629 4380 Judices,
645 4310 669 4369 si
690 4311 808 4388 quidem
829 4323 858 4372 et
874 4314 949 4374 filius
975 4313 1067 4375 multo
1088 4320 1212 4398 conjun-

106 4401 184 4461 ctior
197 4413 241 4461 est
255 4415 284 4463 ot
298 4404 367 4476 lilia,
377 4424 487 4477 rursus,
503 4424 519 4463 o
533 4404 591 4463 filio
605 4415 662 4464 ete
677 4405 736 4465 filia
749 4416 850 4465 nutum
866 4408 965 4479 filiurn,
979 4409 1033 4467 hos
1052 4430 1119 4471 esse
1138 4434 1211 4474 con-
