2662 4792
107 280 167 338 674
446 276 489 335 IN
511 275 869 337 otvmmooouum.

107 452 208 493 omnes
227 434 347 512 exlege
367 433 417 510 qni
435 431 563 491 Conoms
577 432 657 493 bona
669 431 850 493 obtinebant.
893 430 998 492 Recita
1011 430 1083 491 mihi
1097 431 1205 512 legem,

107 548 216 607 exque
230 526 329 588 citatio
343 526 423 586 lacta
436 534 492 585 est.

617 719 705 777 LEX.

109 864 156 922 Ex
169 862 225 925 hac
237 860 315 943 lege,
329 865 347 924 J
350 864 461 939 udices,
475 865 575 926 citatio
589 866 669 927 facta
685 872 740 935 est,
759 869 790 921 et
811 861 941 922 actiones
963 860 1104 922 institutes
1121 871 1208 943 prout

109 954 321 1036 Olympiodoro
335 959 431 1018 visum
446 958 511 1019 luit.
553 958 663 1018 Postea
684 964 790 1037 proetor
807 954 838 1014 in
852 974 953 1013 omnes
967 953 1151 1015 adversarios
1164 955 1208 1014 in·

108 1047 244 1128 quisivit;
258 1068 350 1129 eaque
361 1051 546 1131 inquisitione
562 1060 689 1131 peracta,
704 1047 823 1109 eosdem
837 1048 867 1105 in
877 1046 1020 1127 judicium
1034 1046 1209 1111 introduxit.

109 1144 186 1202 Cum
205 1153 302 1204 autem
318 1144 545 1226 Olympiodorus
569 1144 678 1226 primus
693 1150 803 1222 ageret,
819 1148 850 1200 et
862 1138 1002 1219 quicquid
1017 1149 1081 1200 erat
1093 1138 1209 1200 libitum

109 1234 229 1308 diceret,
244 1246 275 1297 et
288 1237 455 1297 testimonia
467 1237 620 1318 proferret,
631 1244 717 1316 prout
730 1233 756 1293 ei
774 1230 941 1292 consultum
955 1231 1127 1291 videbatur:
1143 1250 1209 1313 ego,

109 1326 242 1402 ludices,
265 1329 370 1390 tacitus
393 1331 532 1391 sedebam
554 1329 585 1389 in
609 1329 699 1390 altero
719 1325 867 1385 subsellio.
917 1324 964 1383 Ad
985 1322 1064 1383 hunc
1087 1323 1209 1383 modurn

108 1420 251 1482 instructa
264 1432 295 1483 et
307 1433 476 1503 comparata
488 1422 613 1495 actione,
626 1421 682 1482 iste
693 1418 779 1481 facile
791 1418 871 1478 vicit.
914 1417 982 1487 Quo
996 1416 1116 1488 victore,
1126 1426 1209 1478 voto·

108 1532 171 1570 rum
190 1514 320 1573 omnium
343 1515 414 1575 facti
433 1524 583 1594 compotes
602 1512 632 1573 in
651 1510 763 1594 judicio
782 1530 894 1583 sumus,
907 1508 1088 1587 reeuperatis
1102 1511 1139 1570 ab
1149 1508 1210 1587 ‘isto

109 1603 144 1664 iis
166 1626 233 1684 quae
255 1607 414 1668 adversarii
436 1628 455 1667 a
472 1609 556 1668 nobis
571 1606 772 1668 abstulerant:
794 1624 860 1683 quae
874 1623 942 1665 curn
956 1603 1056 1665 omnia
1070 1622 1211 1665 unacum

109 1697 236 1776 pecunia
250 1720 336 1778 quam
351 1720 369 1761 a
388 1720 469 1762 servo
487 1711 651 1761 extorserat
669 1709 791 1773 teneret,
804 1699 876 1758 nihil
901 1718 1019 1778 prorsus
1036 1698 1114 1777 aequi
1137 1718 1210 1778 proe·

110 1799 188 1849 stare
202 1790 272 1849 mihi
291 1792 401 1862 voluit;
424 1793 475 1853 sed
496 1793 561 1870 ipse
580 1794 671 1854 habet
687 1792 793 1862 omnia,
808 1792 941 1871 quamvis
954 1800 984 1852 et
997 1791 1085 1851 fidem
1099 1790 1213 1852 dederit

110 1889 192 1941 etse
214 1901 251 1941 ex
274 1903 360 1963 ecquo
384 1905 499 1945 mecum
522 1886 640 1945 omnino
657 1885 815 1945 divisurum
833 1883 986 1965 pepigerit.
1029 1883 1107 1953 Quae
1124 1894 1213 1964 pacta

110 1972 270 2034 etiamnum
283 1976 363 2056 apud
377 1976 587 2038 Androclidem
602 1978 658 2038 sita
676 1988 756 2051 sunt,
769 1978 820 2057 qui
838 1978 916 2056 apud
930 1998 982 2037 vos
1001 1978 1064 2057 ipse
1081 1977 1212 2039 testimo-

111 2064 192 2124 nium
217 2067 300 2130 dixit.
342 2070 403 2130 Sed
424 2081 454 2131 et
474 2070 512 2131 de
525 2071 639 2131 caeteris
658 2090 725 2150 quae
743 2069 803 2130 dixi
817 2070 950 2131 omnibus
965 2069 1135 2131 testimonia
1146 2091 1211 2151 pro-

111 2158 212 2233 feram,
226 2180 261 2221 ac
274 2163 398 2241 primurn
413 2164 450 2225 de
461 2164 512 2225 illo
526 2165 605 2245 quod
620 2167 657 2225 ab
670 2163 751 2225 initio
765 2176 879 2244 gestum
891 2175 946 2238 est,
962 2184 1029 2224 cum
1043 2184 1101 2245 ego
1115 2174 1147 2226 et
1159 2166 1211 2225 iste

112 2256 262 2335 nostropte
281 2256 394 2336 judicio
417 2268 448 2319 et
471 2258 618 2320 sententia
641 2258 739 2339 partiti
761 2258 869 2318 fuimus
895 2278 933 2318 ex
950 2278 1048 2337 aequo,
1072 2258 1211 2339 quicquid

111 2346 329 2408 manifestarum
351 2349 524 2412 facultatum
547 2352 653 2413 Conon
681 2351 854 2431 reliquisset.
901 2350 1033 2411 Primum
1057 2352 1117 2413 hoc
1140 2370 1211 2433 cape

110 2437 318 2514 testimonium,
332 2441 438 2503 deinde
452 2444 549 2504 omnia
563 2444 663 2524 legito.

507 2671 810 2734 TESTIMONIUM.

114 2818 196 2898 Cape
215 2830 245 2879 et
266 2823 514 2899 provocationem,
528 2846 586 2905 qua
609 2846 676 2886 eum
700 2827 855 2906 provocavi
878 2829 915 2889 de
937 2831 1074 2904 nummis,
1091 2852 1165 2912 quos
1177 2834 1212 2893 ab

113 2911 229 2972 homine
242 2914 292 2974 illo
307 2935 359 2996 per
372 2917 550 2995 quaestiones
564 2928 735 2979 extorserat.

527 3124 805 3185 PROVOCATIO.
834 3142 837 3147 '

117 3256 195 3335 Lege
210 3269 240 3318 et
253 3260 376 3320 alterurn
390 3263 598 3337 testimonium,
619 3285 679 3343 quo
699 3266 864 3325 declaratur
887 3267 1068 3327 adversarios
1088 3279 1213 3341 nostros,

115 3369 182 3408 curn
196 3351 395 3412 haereditatem
415 3356 617 3430 obtinuissent,
633 3361 788 3419 abstulisse
808 3361 903 3419 omnia
923 3381 990 3438 qum
1004 3383 1059 3421 nos
1072 3362 1214 3424 habuera-

116 3460 190 3513 mus,
215 3456 320 3521 praeter
343 3447 496 3523 pecuniam
516 3466 609 3528 'quam
634 3453 860 3533 Olympiodorus
887 3454 923 3512 ab
951 3455 1069 3516 homine
1092 3457 1143 3516 illo
1162 3476 1216 3537 per

116 3535 293 3611 quaestiones
308 3548 478 3601 extorserat.

503 3735 816 3797 TESTIMONIUM.

118 3869 371 3934 Quemadmodum
386 3872 483 3952 igitur,
498 3877 630 3950 ludices,
645 3878 814 3939 manifestas
830 3880 958 3940 Cononis
982 3884 1139 3945 facultates
1160 3905 1216 3965 ego

117 3971 148 4020 et
163 3961 390 4043 olympiodorus
415 3964 608 4044 diviserimus,
623 3992 658 4030 ex
682 3972 814 4032 oratione
836 3985 936 4034 nostra
957 3986 987 4035 et
1005 3996 1021 4034 e
1043 3978 1218 4041 testimoniis

118 4054 279 4128 audivistis,
294 4057 367 4116 illud
391 4059 461 4117 item
484 4064 673 4141 cognovistis,
690 4065 775 4124 istum
796 4069 952 4145 pecuniam
967 4071 1004 4128 ab
1016 4071 1135 4133 homine
1155 4075 1216 4150 illo,

117 4138 233 4207 servum
248 4148 326 4227 dico,
341 4151 498 4230 accepisse,
513 4165 543 4212 et
561 4155 742 4217 adversarios
758 4178 943 4239 quaecunque
958 4180 1013 4220 nos
1028 4173 1217 4228 tenueramus

117 4256 287 4318 occupasse,
302 4243 396 4304 donec
409 4246 462 4304 iste
476 4265 575 4306 rursus
589 4248 659 4309 vicit
680 4250 710 4308 in
725 4251 856 4329 judicio:
878 4255 950 4333 quid
969 4276 1037 4317 vero
1050 4271 1218 4338 praetextat,

118 4347 168 4389 cur
188 4335 257 4393 mihi
283 4336 354 4397 nihil
376 4337 499 4400 reddere
515 4359 611 4421 neque
629 4343 703 4422 ecqui
724 4344 881 4424 quicquam
903 4360 1042 4429 praestare
1065 4354 1148 4427 velit,
1171 4357 1216 4417 his
