<?xml version="1.0" encoding="UTF-8"?>
<!DOCTYPE html PUBLIC "-//W3C//DTD XHTML 1.0 Transitional//EN"
    "http://www.w3.org/TR/xhtml1/DTD/xhtml1-transitional.dtd">
<html xmlns="http://www.w3.org/1999/xhtml" xml:lang="en" lang="en">
 <head>
  <title>
</title>
<meta http-equiv="Content-Type" content="text/html;charset=utf-8" />
  <meta name='ocr-system' content='tesseract 3.04.00' />
  <meta name='ocr-capabilities' content='ocr_page ocr_carea ocr_par ocr_line ocrx_word'/>
</head>
<body>
  <div class='ocr_page' id='page_1' title='image "./demosthenisetsc00amergoog_0267.png"; bbox 0 0 2662 4792; ppageno 0'>
   <div class='ocr_carea' id='block_1_1' title="bbox 106 269 883 333">
    <p class='ocr_par' dir='ltr' id='par_1_1' title="bbox 106 269 883 333">
     <span class='ocr_line' id='line_1_1' title="bbox 106 269 883 333; baseline -0.004 -2"><span class='ocrx_word' id='word_1_1' title='bbox 106 276 165 333; x_wconf 77' lang='lat'><strong>758</strong></span> <span class='ocrx_word' id='word_1_2' title='bbox 407 269 578 330; x_wconf 82' lang='lat' dir='ltr'>CONTRA</span> <span class='ocrx_word' id='word_1_3' title='bbox 598 270 883 332; x_wconf 84' lang='lat' dir='ltr'><strong>THEOCRINEM.</strong></span> 
     </span>
    </p>
   </div>
   <div class='ocr_carea' id='block_1_2' title="bbox 25 420 1188 1241">
    <p class='ocr_par' dir='ltr' id='par_1_2' title="bbox 25 420 1188 1241">
     <span class='ocr_line' id='line_1_2' title="bbox 107 420 1187 507; baseline -0.008 -21"><span class='ocrx_word' id='word_1_4' title='bbox 107 437 162 499; x_wconf 85' lang='lat' dir='ltr'><strong>est,</strong></span> <span class='ocrx_word' id='word_1_5' title='bbox 183 437 216 485; x_wconf 92' lang='lat' dir='ltr'><strong>ut</strong></span> <span class='ocrx_word' id='word_1_6' title='bbox 235 446 270 486; x_wconf 88' lang='lat' dir='ltr'><strong>ea</strong></span> <span class='ocrx_word' id='word_1_7' title='bbox 290 426 399 485; x_wconf 91' lang='lat' dir='ltr'><strong>mulcta</strong></span> <span class='ocrx_word' id='word_1_8' title='bbox 427 447 523 507; x_wconf 87' lang='lat' dir='ltr'><strong>nequa</strong></span> <span class='ocrx_word' id='word_1_9' title='bbox 546 426 714 495; x_wconf 85' lang='lat' dir='ltr'><strong>solveretur,</strong></span> <span class='ocrx_word' id='word_1_10' title='bbox 738 443 833 502; x_wconf 90' lang='lat' dir='ltr'><strong>neque</strong></span> <span class='ocrx_word' id='word_1_11' title='bbox 855 425 885 482; x_wconf 89' lang='lat' dir='ltr'><strong>in</strong></span> <span class='ocrx_word' id='word_1_12' title='bbox 908 440 1005 481; x_wconf 88' lang='lat' dir='ltr'><strong>arcem</strong></span> <span class='ocrx_word' id='word_1_13' title='bbox 1026 420 1187 489; x_wconf 86' lang='lat' dir='ltr'><strong>referretur,</strong></span> 
     </span>
     <span class='ocr_line' id='line_1_3' title="bbox 108 510 1186 599; baseline -0.009 -21"><span class='ocrx_word' id='word_1_14' title='bbox 108 539 196 599; x_wconf 91' lang='lat' dir='ltr'><strong>qnam</strong></span> <span class='ocrx_word' id='word_1_15' title='bbox 218 517 395 578; x_wconf 85' lang='lat' dir='ltr'><strong>&#39;Ibeocrincs</strong></span> <span class='ocrx_word' id='word_1_16' title='bbox 417 539 496 578; x_wconf 89' lang='lat' dir='ltr'><strong>nunc</strong></span> <span class='ocrx_word' id='word_1_17' title='bbox 519 520 619 596; x_wconf 87' lang='lat' dir='ltr'><strong>opinor</strong></span> <span class='ocrx_word' id='word_1_18' title='bbox 639 516 823 575; x_wconf 90' lang='lat' dir='ltr'><strong>nihilominus</strong></span> <span class='ocrx_word' id='word_1_19' title='bbox 848 535 884 574; x_wconf 90' lang='lat' dir='ltr'><strong>ex</strong></span> <span class='ocrx_word' id='word_1_20' title='bbox 904 514 969 591; x_wconf 82' lang='lat' dir='ltr'><strong>lege</strong></span> <span class='ocrx_word' id='word_1_21' title='bbox 982 512 1082 572; x_wconf 76' lang='lat' dir='ltr'><strong>debet.</strong></span> <span class='ocrx_word' id='word_1_22' title='bbox 1122 510 1186 569; x_wconf 87' lang='lat' dir='ltr'><strong>Non</strong></span> 
     </span>
     <span class='ocr_line' id='line_1_4' title="bbox 25 604 1187 689; baseline -0.007 -18"><span class='ocrx_word' id='word_1_23' title='bbox 25 668 37 684; x_wconf 58' lang='lat'>„</span> <span class='ocrx_word' id='word_1_24' title='bbox 109 613 196 681; x_wconf 87' lang='lat' dir='ltr'><strong>enim,</strong></span> <span class='ocrx_word' id='word_1_25' title='bbox 210 611 235 669; x_wconf 88' lang='lat' dir='ltr'><strong>si</strong></span> <span class='ocrx_word' id='word_1_26' title='bbox 245 610 387 669; x_wconf 80' lang='lat' dir='ltr'><strong>ctesicles</strong></span> <span class='ocrx_word' id='word_1_27' title='bbox 400 609 556 689; x_wconf 85' lang='lat' dir='ltr'>inquilinus</span> <span class='ocrx_word' id='word_1_28' title='bbox 571 612 624 669; x_wconf 89' lang='lat' dir='ltr'><strong>iste</strong></span> <span class='ocrx_word' id='word_1_29' title='bbox 638 607 824 679; x_wconf 83' lang='lat' dir='ltr'>concesserit,</span> <span class='ocrx_word' id='word_1_30' title='bbox 838 608 986 685; x_wconf 89' lang='lat' dir='ltr'><strong>improbus</strong></span> <span class='ocrx_word' id='word_1_31' title='bbox 1001 604 1144 683; x_wconf 89' lang='lat' dir='ltr'><strong>improbo,</strong></span> <span class='ocrx_word' id='word_1_32' title='bbox 1153 620 1187 663; x_wconf 82' lang='lat' dir='ltr'><strong>no</strong></span> 
     </span>
     <span class='ocr_line' id='line_1_5' title="bbox 108 694 1187 779; baseline -0.009 -17"><span class='ocrx_word' id='word_1_33' title='bbox 108 702 238 762; x_wconf 89' lang='lat' dir='ltr'><strong>tradatur</strong></span> <span class='ocrx_word' id='word_1_34' title='bbox 260 702 441 761; x_wconf 76' lang='lat' dir='ltr'><strong>exactoribus</strong></span> <span class='ocrx_word' id='word_1_35' title='bbox 462 702 496 774; x_wconf 92' lang='lat' dir='ltr'><strong>is,</strong></span> <span class='ocrx_word' id='word_1_36' title='bbox 509 702 558 779; x_wconf 90' lang='lat' dir='ltr'><strong>qui</strong></span> <span class='ocrx_word' id='word_1_37' title='bbox 579 702 645 779; x_wconf 84' lang='lat' dir='ltr'><strong>lege</strong></span> <span class='ocrx_word' id='word_1_38' title='bbox 670 700 708 761; x_wconf 84' lang='lat' dir='ltr'><strong>sit</strong></span> <span class='ocrx_word' id='word_1_39' title='bbox 727 701 891 769; x_wconf 90' lang='lat' dir='ltr'><strong>damnatus,</strong></span> <span class='ocrx_word' id='word_1_40' title='bbox 914 705 1067 778; x_wconf 81' lang='lat' dir='ltr'><strong>propterea</strong></span> <span class='ocrx_word' id='word_1_41' title='bbox 1092 694 1187 755; x_wconf 84' lang='lat' dir='ltr'><strong>ciuitas</strong></span> 
     </span>
     <span class='ocr_line' id='line_1_6' title="bbox 108 786 1188 872; baseline -0.008 -18"><span class='ocrx_word' id='word_1_42' title='bbox 108 793 271 854; x_wconf 86' lang='lat' dir='ltr'><strong>fraudanda</strong></span> <span class='ocrx_word' id='word_1_43' title='bbox 283 802 330 853; x_wconf 90' lang='lat' dir='ltr'><strong>est</strong></span> <span class='ocrx_word' id='word_1_44' title='bbox 342 794 467 865; x_wconf 90' lang='lat' dir='ltr'><strong>mulctis,</strong></span> <span class='ocrx_word' id='word_1_45' title='bbox 486 794 630 872; x_wconf 83' lang='lat' dir='ltr'><strong>alegibus</strong></span> <span class='ocrx_word' id='word_1_46' title='bbox 649 792 798 871; x_wconf 86' lang='lat' dir='ltr'><strong>irrogatis:</strong></span> <span class='ocrx_word' id='word_1_47' title='bbox 821 791 873 851; x_wconf 88' lang='lat' dir='ltr'><strong>sed</strong></span> <span class='ocrx_word' id='word_1_48' title='bbox 897 790 984 850; x_wconf 84' lang='lat' dir='ltr'><strong>decet</strong></span> <span class='ocrx_word' id='word_1_49' title='bbox 1005 786 1188 857; x_wconf 79' lang='lat' dir='ltr'><strong>adversarios,</strong></span> 
     </span>
     <span class='ocr_line' id='line_1_7' title="bbox 108 874 1187 965; baseline -0.006 -20"><span class='ocrx_word' id='word_1_50' title='bbox 108 887 140 945; x_wconf 90' lang='lat' dir='ltr'><strong>in</strong></span> <span class='ocrx_word' id='word_1_51' title='bbox 153 886 271 965; x_wconf 87' lang='lat' dir='ltr'><strong>privatis</strong></span> <span class='ocrx_word' id='word_1_52' title='bbox 285 886 479 947; x_wconf 88' lang='lat' dir='ltr'><strong>contractibus</strong></span> <span class='ocrx_word' id='word_1_53' title='bbox 492 887 567 945; x_wconf 89' lang='lat' dir='ltr'><strong>inter</strong></span> <span class='ocrx_word' id='word_1_54' title='bbox 581 906 612 944; x_wconf 89' lang='lat' dir='ltr'><strong>se</strong></span> <span class='ocrx_word' id='word_1_55' title='bbox 627 874 782 962; x_wconf 83' lang='lat' dir='ltr'><strong>transigere</strong></span> <span class='ocrx_word' id='word_1_56' title='bbox 797 882 937 942; x_wconf 88' lang='lat' dir='ltr'><strong>arbitratu</strong></span> <span class='ocrx_word' id='word_1_57' title='bbox 947 900 1011 953; x_wconf 90' lang='lat' dir='ltr'><strong>suo,</strong></span> <span class='ocrx_word' id='word_1_58' title='bbox 1025 879 1056 938; x_wconf 93' lang='lat' dir='ltr'><strong>in</strong></span> <span class='ocrx_word' id='word_1_59' title='bbox 1070 876 1187 957; x_wconf 82' lang='lat' dir='ltr'><strong>publicis</strong></span> 
     </span>
     <span class='ocr_line' id='line_1_8' title="bbox 109 971 1188 1057; baseline -0.008 -19"><span class='ocrx_word' id='word_1_60' title='bbox 109 997 178 1038; x_wconf 83' lang='lat' dir='ltr'><strong>vero</strong></span> <span class='ocrx_word' id='word_1_61' title='bbox 192 978 315 1057; x_wconf 81' lang='lat' dir='ltr'><strong>negotiis</strong></span> <span class='ocrx_word' id='word_1_62' title='bbox 328 998 429 1057; x_wconf 85' lang='lat' dir='ltr'><strong>parere</strong></span> <span class='ocrx_word' id='word_1_63' title='bbox 447 978 570 1057; x_wconf 84' lang='lat' dir='ltr'><strong>legibus.</strong></span> <span class='ocrx_word' id='word_1_64' title='bbox 611 980 656 1036; x_wconf 87' lang='lat' dir='ltr'><strong>Ac</strong></span> <span class='ocrx_word' id='word_1_65' title='bbox 669 978 762 1056; x_wconf 86' lang='lat' dir='ltr'><strong>legem</strong></span> <span class='ocrx_word' id='word_1_66' title='bbox 776 976 845 1034; x_wconf 90' lang='lat' dir='ltr'><strong>mihi</strong></span> <span class='ocrx_word' id='word_1_67' title='bbox 858 975 956 1043; x_wconf 90' lang='lat' dir='ltr'><strong>recita,</strong></span> <span class='ocrx_word' id='word_1_68' title='bbox 970 992 1037 1051; x_wconf 82' lang='lat' dir='ltr'><strong>quae</strong></span> <span class='ocrx_word' id='word_1_69' title='bbox 1047 971 1188 1051; x_wconf 84' lang='lat' dir='ltr'><strong>jubet-se·</strong></span> 
     </span>
     <span class='ocr_line' id='line_1_9' title="bbox 109 1064 1188 1148; baseline -0.006 -19"><span class='ocrx_word' id='word_1_70' title='bbox 109 1071 228 1130; x_wconf 84' lang='lat' dir='ltr'><strong>missam</strong></span> <span class='ocrx_word' id='word_1_71' title='bbox 242 1070 438 1130; x_wconf 79' lang='lat' dir='ltr'><strong>aestimationis</strong></span> <span class='ocrx_word' id='word_1_72' title='bbox 452 1071 556 1129; x_wconf 87' lang='lat' dir='ltr'><strong>debere</strong></span> <span class='ocrx_word' id='word_1_73' title='bbox 571 1071 697 1148; x_wconf 93' lang='lat' dir='ltr'><strong>publico,</strong></span> <span class='ocrx_word' id='word_1_74' title='bbox 707 1089 772 1129; x_wconf 89' lang='lat' dir='ltr'><strong>eum</strong></span> <span class='ocrx_word' id='word_1_75' title='bbox 788 1068 837 1147; x_wconf 94' lang='lat' dir='ltr'><strong>qui</strong></span> <span class='ocrx_word' id='word_1_76' title='bbox 850 1086 902 1146; x_wconf 88' lang='lat' dir='ltr'><strong>per</strong></span> <span class='ocrx_word' id='word_1_77' title='bbox 916 1064 1052 1145; x_wconf 87' lang='lat' dir='ltr'><strong>injuriam</strong></span> <span class='ocrx_word' id='word_1_78' title='bbox 1068 1080 1188 1123; x_wconf 67' lang='lat' dir='ltr'><strong>maerere</strong></span> 
     </span>
     <span class='ocr_line' id='line_1_10' title="bbox 110 1159 928 1241; baseline -0.009 -19"><span class='ocrx_word' id='word_1_79' title='bbox 110 1165 140 1222; x_wconf 93' lang='lat' dir='ltr'><strong>in</strong></span> <span class='ocrx_word' id='word_1_80' title='bbox 154 1162 315 1223; x_wconf 88' lang='lat' dir='ltr'><strong>libertatem</strong></span> <span class='ocrx_word' id='word_1_81' title='bbox 324 1160 465 1235; x_wconf 85' lang='lat' dir='ltr'><strong>videatur,</strong></span> <span class='ocrx_word' id='word_1_82' title='bbox 479 1172 509 1221; x_wconf 90' lang='lat' dir='ltr'><strong>et</strong></span> <span class='ocrx_word' id='word_1_83' title='bbox 519 1160 709 1241; x_wconf 82' lang='lat' dir='ltr'><strong>Cephisodoti</strong></span> <span class='ocrx_word' id='word_1_84' title='bbox 722 1159 928 1220; x_wconf 87' lang='lat' dir='ltr'><strong>testimonium.</strong></span> 
     </span>
    </p>
   </div>
   <div class='ocr_carea' id='block_1_3' title="bbox 432 1391 863 1451">
    <p class='ocr_par' dir='ltr' id='par_1_3' title="bbox 432 1391 863 1451">
     <span class='ocr_line' id='line_1_11' title="bbox 432 1391 863 1451; baseline -0.007 0"><span class='ocrx_word' id='word_1_85' title='bbox 432 1393 520 1451; x_wconf 87' lang='lat' dir='ltr'>LEX.</span> <span class='ocrx_word' id='word_1_86' title='bbox 560 1391 863 1451; x_wconf 87' lang='lat' dir='ltr'><strong>TESTIMONIUM.</strong></span> 
     </span>
    </p>
   </div>
   <div class='ocr_carea' id='block_1_4' title="bbox 112 1530 1190 1703">
    <p class='ocr_par' dir='ltr' id='par_1_4' title="bbox 112 1530 1190 1703">
     <span class='ocr_line' id='line_1_12' title="bbox 113 1530 1190 1613; baseline 0 -22"><span class='ocrx_word' id='word_1_87' title='bbox 113 1531 197 1592; x_wconf 88' lang='lat' dir='ltr'><strong>Illam</strong></span> <span class='ocrx_word' id='word_1_88' title='bbox 219 1535 305 1593; x_wconf 90' lang='lat' dir='ltr'><strong>etiam</strong></span> <span class='ocrx_word' id='word_1_89' title='bbox 323 1534 419 1613; x_wconf 78' lang='lat' dir='ltr'><strong>legem</strong></span> <span class='ocrx_word' id='word_1_90' title='bbox 440 1533 540 1605; x_wconf 87' lang='lat' dir='ltr'><strong>recita,</strong></span> <span class='ocrx_word' id='word_1_91' title='bbox 559 1554 625 1611; x_wconf 84' lang='lat' dir='ltr'><strong>quae</strong></span> <span class='ocrx_word' id='word_1_92' title='bbox 648 1536 684 1593; x_wconf 90' lang='lat' dir='ltr'><strong>ab</strong></span> <span class='ocrx_word' id='word_1_93' title='bbox 709 1554 743 1593; x_wconf 87' lang='lat' dir='ltr'><strong>ea</strong></span> <span class='ocrx_word' id='word_1_94' title='bbox 764 1534 811 1592; x_wconf 89' lang='lat' dir='ltr'><strong>die</strong></span> <span class='ocrx_word' id='word_1_95' title='bbox 833 1532 939 1590; x_wconf 90' lang='lat' dir='ltr'><strong>debere</strong></span> <span class='ocrx_word' id='word_1_96' title='bbox 959 1530 1056 1609; x_wconf 86' lang='lat' dir='ltr'><strong>jubet,</strong></span> <span class='ocrx_word' id='word_1_97' title='bbox 1076 1551 1135 1611; x_wconf 89' lang='lat' dir='ltr'><strong>qua</strong></span> <span class='ocrx_word' id='word_1_98' title='bbox 1157 1530 1190 1593; x_wconf 80' lang='lat' dir='ltr'><strong>sit</strong></span> 
     </span>
     <span class='ocr_line' id='line_1_13' title="bbox 112 1619 1003 1703; baseline -0.003 -21"><span class='ocrx_word' id='word_1_99' title='bbox 112 1622 276 1695; x_wconf 86' lang='lat' dir='ltr'><strong>damnatus,</strong></span> <span class='ocrx_word' id='word_1_100' title='bbox 292 1623 350 1683; x_wconf 89' lang='lat' dir='ltr'><strong>sive</strong></span> <span class='ocrx_word' id='word_1_101' title='bbox 371 1625 509 1703; x_wconf 85' lang='lat' dir='ltr'><strong>inscripta</strong></span> <span class='ocrx_word' id='word_1_102' title='bbox 529 1624 647 1695; x_wconf 88' lang='lat' dir='ltr'><strong>mulcta,</strong></span> <span class='ocrx_word' id='word_1_103' title='bbox 660 1624 719 1684; x_wconf 88' lang='lat' dir='ltr'><strong>sire</strong></span> <span class='ocrx_word' id='word_1_104' title='bbox 732 1644 790 1683; x_wconf 93' lang='lat' dir='ltr'><strong>non</strong></span> <span class='ocrx_word' id='word_1_105' title='bbox 804 1622 942 1699; x_wconf 87' lang='lat' dir='ltr'><strong>inscripta</strong></span> <span class='ocrx_word' id='word_1_106' title='bbox 956 1619 1003 1683; x_wconf 78' lang='lat' dir='ltr'><strong>ait.</strong></span> 
     </span>
    </p>
   </div>
   <div class='ocr_carea' id='block_1_5' title="bbox 610 1840 698 1898">
    <p class='ocr_par' dir='ltr' id='par_1_5' title="bbox 610 1840 698 1898">
     <span class='ocr_line' id='line_1_14' title="bbox 610 1840 698 1898; baseline 0 -1"><span class='ocrx_word' id='word_1_107' title='bbox 610 1840 698 1898; x_wconf 89' lang='lat' dir='ltr'><strong>LEX.</strong></span> 
     </span>
    </p>
   </div>
   <div class='ocr_carea' id='block_1_6' title="bbox 114 1978 1192 2431">
    <p class='ocr_par' dir='ltr' id='par_1_6' title="bbox 114 1978 1192 2431">
     <span class='ocr_line' id='line_1_15' title="bbox 155 1978 1190 2061; baseline -0.003 -21"><span class='ocrx_word' id='word_1_108' title='bbox 155 1982 183 2040; x_wconf 86' lang='lat'><strong>6.</strong></span> <span class='ocrx_word' id='word_1_109' title='bbox 205 1984 272 2048; x_wconf 84' lang='lat' dir='ltr'><strong>Quo</strong></span> <span class='ocrx_word' id='word_1_110' title='bbox 284 1983 371 2061; x_wconf 84' lang='lat' dir='ltr'><strong>igitur</strong></span> <span class='ocrx_word' id='word_1_111' title='bbox 386 1983 443 2042; x_wconf 87' lang='lat' dir='ltr'><strong>aliu</strong></span> <span class='ocrx_word' id='word_1_112' title='bbox 456 1994 552 2061; x_wconf 90' lang='lat' dir='ltr'><strong>pacto,</strong></span> <span class='ocrx_word' id='word_1_113' title='bbox 566 1982 697 2052; x_wconf 83' lang='lat' dir='ltr'><strong>ludices,</strong></span> <span class='ocrx_word' id='word_1_114' title='bbox 711 2000 796 2058; x_wconf 86' lang='lat' dir='ltr'><strong>aequo</strong></span> <span class='ocrx_word' id='word_1_115' title='bbox 810 1980 972 2040; x_wconf 81' lang='lat' dir='ltr'><strong>accusatori</strong></span> <span class='ocrx_word' id='word_1_116' title='bbox 986 1978 1190 2041; x_wconf 83' lang='lat' dir='ltr'><strong>ostendendum</strong></span> 
     </span>
     <span class='ocr_line' id='line_1_16' title="bbox 114 2070 1191 2152; baseline -0.003 -20"><span class='ocrx_word' id='word_1_117' title='bbox 114 2083 169 2145; x_wconf 87' lang='lat' dir='ltr'><strong>est,</strong></span> <span class='ocrx_word' id='word_1_118' title='bbox 193 2074 381 2134; x_wconf 88' lang='lat' dir='ltr'><strong>Theocrinem</strong></span> <span class='ocrx_word' id='word_1_119' title='bbox 401 2086 478 2134; x_wconf 87' lang='lat' dir='ltr'><strong>recte</strong></span> <span class='ocrx_word' id='word_1_120' title='bbox 500 2095 566 2135; x_wconf 89' lang='lat' dir='ltr'><strong>esse</strong></span> <span class='ocrx_word' id='word_1_121' title='bbox 591 2073 730 2145; x_wconf 87' lang='lat' dir='ltr'><strong>delatum,</strong></span> <span class='ocrx_word' id='word_1_122' title='bbox 744 2094 798 2132; x_wconf 90' lang='lat' dir='ltr'><strong>nec</strong></span> <span class='ocrx_word' id='word_1_123' title='bbox 816 2084 932 2152; x_wconf 90' lang='lat' dir='ltr'><strong>propter</strong></span> <span class='ocrx_word' id='word_1_124' title='bbox 953 2073 1033 2132; x_wconf 90' lang='lat' dir='ltr'><strong>mille</strong></span> <span class='ocrx_word' id='word_1_125' title='bbox 1047 2070 1191 2131; x_wconf 73' lang='lat' dir='ltr'><strong>drachman</strong></span> 
     </span>
     <span class='ocr_line' id='line_1_17' title="bbox 115 2162 1191 2246; baseline 0.001 -24"><span class='ocrx_word' id='word_1_126' title='bbox 115 2163 267 2239; x_wconf 85' lang='lat' dir='ltr'><strong>duntaxat,</strong></span> <span class='ocrx_word' id='word_1_127' title='bbox 281 2170 317 2227; x_wconf 95' lang='lat' dir='ltr'><strong>ob</strong></span> <span class='ocrx_word' id='word_1_128' title='bbox 337 2187 409 2246; x_wconf 90' lang='lat' dir='ltr'><strong>quas</strong></span> <span class='ocrx_word' id='word_1_129' title='bbox 428 2166 541 2226; x_wconf 88' lang='lat' dir='ltr'><strong>delatus</strong></span> <span class='ocrx_word' id='word_1_130' title='bbox 563 2177 617 2237; x_wconf 86' lang='lat' dir='ltr'><strong>est,</strong></span> <span class='ocrx_word' id='word_1_131' title='bbox 640 2165 732 2225; x_wconf 88' lang='lat' dir='ltr'><strong>teneri</strong></span> <span class='ocrx_word' id='word_1_132' title='bbox 751 2164 907 2234; x_wconf 87' lang='lat' dir='ltr'><strong>delatione,</strong></span> <span class='ocrx_word' id='word_1_133' title='bbox 921 2165 975 2223; x_wconf 89' lang='lat' dir='ltr'><strong>sed</strong></span> <span class='ocrx_word' id='word_1_134' title='bbox 995 2164 1094 2225; x_wconf 88' lang='lat' dir='ltr'><strong>multis</strong></span> <span class='ocrx_word' id='word_1_135' title='bbox 1113 2162 1191 2223; x_wconf 85' lang='lat' dir='ltr'><strong>etiam</strong></span> 
     </span>
     <span class='ocr_line' id='line_1_18' title="bbox 116 2255 1192 2337; baseline 0 -22"><span class='ocrx_word' id='word_1_136' title='bbox 116 2257 179 2317; x_wconf 89' lang='lat' dir='ltr'><strong>aliis</strong></span> <span class='ocrx_word' id='word_1_137' title='bbox 194 2260 363 2321; x_wconf 87' lang='lat' dir='ltr'><strong>obstrictum</strong></span> <span class='ocrx_word' id='word_1_138' title='bbox 384 2280 447 2319; x_wconf 89' lang='lat' dir='ltr'><strong>esse</strong></span> <span class='ocrx_word' id='word_1_139' title='bbox 468 2258 604 2319; x_wconf 67' lang='lat' dir='ltr'><strong>mulctis?</strong></span> <span class='ocrx_word' id='word_1_140' title='bbox 625 2258 767 2337; x_wconf 85' lang='lat' dir='ltr'><strong>Equidem</strong></span> <span class='ocrx_word' id='word_1_141' title='bbox 790 2256 846 2315; x_wconf 90' lang='lat' dir='ltr'><strong>alio</strong></span> <span class='ocrx_word' id='word_1_142' title='bbox 870 2256 949 2315; x_wconf 92' lang='lat' dir='ltr'><strong>uullo</strong></span> <span class='ocrx_word' id='word_1_143' title='bbox 970 2268 1054 2336; x_wconf 89' lang='lat' dir='ltr'><strong>puto.</strong></span> <span class='ocrx_word' id='word_1_144' title='bbox 1095 2255 1192 2335; x_wconf 80' lang='lat' dir='ltr'><strong>Neque</strong></span> 
     </span>
     <span class='ocr_line' id='line_1_19' title="bbox 115 2342 1192 2431; baseline 0.001 -25"><span class='ocrx_word' id='word_1_145' title='bbox 115 2349 192 2407; x_wconf 89' lang='lat' dir='ltr'><strong>enim</strong></span> <span class='ocrx_word' id='word_1_146' title='bbox 204 2351 429 2430; x_wconf 88' lang='lat' dir='ltr'><strong>exspectandum</strong></span> <span class='ocrx_word' id='word_1_147' title='bbox 439 2353 570 2431; x_wconf 77' lang='lat' dir='ltr'><strong>prolecto</strong></span> <span class='ocrx_word' id='word_1_148' title='bbox 581 2360 637 2418; x_wconf 89' lang='lat' dir='ltr'><strong>est,</strong></span> <span class='ocrx_word' id='word_1_149' title='bbox 651 2350 720 2407; x_wconf 89' lang='lat' dir='ltr'><strong>dum</strong></span> <span class='ocrx_word' id='word_1_150' title='bbox 733 2342 795 2427; x_wconf 73' lang='lat' dir='ltr'><strong>ipse</strong></span> <span class='ocrx_word' id='word_1_151' title='bbox 805 2347 981 2406; x_wconf 88' lang='lat' dir='ltr'><strong>Theocrines</strong></span> <span class='ocrx_word' id='word_1_152' title='bbox 992 2348 1095 2407; x_wconf 69' lang='lat' dir='ltr'><strong>orario</strong></span> <span class='ocrx_word' id='word_1_153' title='bbox 1105 2356 1192 2407; x_wconf 83' lang='lat' dir='ltr'><strong>vestro</strong></span> 
     </span>
    </p>
   </div>
   <div class='ocr_carea' id='block_1_7' title="bbox 44 2438 1233 4469">
    <p class='ocr_par' dir='ltr' id='par_1_7' title="bbox 44 2438 1233 4469">
     <span class='ocr_line' id='line_1_20' title="bbox 114 2438 1192 2517; baseline -0.004 -18"><span class='ocrx_word' id='word_1_154' title='bbox 114 2460 145 2499; x_wconf 85' lang='lat' dir='ltr'><strong>ae</strong></span> <span class='ocrx_word' id='word_1_155' title='bbox 169 2441 275 2502; x_wconf 90' lang='lat' dir='ltr'><strong>debere</strong></span> <span class='ocrx_word' id='word_1_156' title='bbox 295 2443 429 2513; x_wconf 83' lang='lat' dir='ltr'><strong>fateatur,</strong></span> <span class='ocrx_word' id='word_1_157' title='bbox 447 2454 478 2501; x_wconf 91' lang='lat' dir='ltr'><strong>et</strong></span> <span class='ocrx_word' id='word_1_158' title='bbox 495 2448 560 2517; x_wconf 92' lang='lat' dir='ltr'><strong>jure</strong></span> <span class='ocrx_word' id='word_1_159' title='bbox 586 2442 713 2501; x_wconf 89' lang='lat' dir='ltr'><strong>delatum</strong></span> <span class='ocrx_word' id='word_1_160' title='bbox 736 2461 802 2499; x_wconf 89' lang='lat' dir='ltr'><strong>esse</strong></span> <span class='ocrx_word' id='word_1_161' title='bbox 824 2440 919 2499; x_wconf 86' lang='lat' dir='ltr'><strong>dicat:</strong></span> <span class='ocrx_word' id='word_1_162' title='bbox 942 2440 1001 2499; x_wconf 88' lang='lat' dir='ltr'><strong>imo</strong></span> <span class='ocrx_word' id='word_1_163' title='bbox 1025 2438 1192 2499; x_wconf 87' lang='lat' dir='ltr'><strong>eontrarium</strong></span> 
     </span>
     <span class='ocr_line' id='line_1_21' title="bbox 114 2528 1193 2612; baseline 0.001 -24"><span class='ocrx_word' id='word_1_164' title='bbox 114 2532 175 2603; x_wconf 88' lang='lat' dir='ltr'><strong>fiet,</strong></span> <span class='ocrx_word' id='word_1_165' title='bbox 190 2533 303 2608; x_wconf 83' lang='lat' dir='ltr'><strong>quidvis</strong></span> <span class='ocrx_word' id='word_1_166' title='bbox 326 2534 403 2592; x_wconf 93' lang='lat' dir='ltr'><strong>dicet</strong></span> <span class='ocrx_word' id='word_1_167' title='bbox 424 2533 529 2611; x_wconf 87' lang='lat' dir='ltr'><strong>potins,</strong></span> <span class='ocrx_word' id='word_1_168' title='bbox 543 2534 659 2612; x_wconf 89' lang='lat' dir='ltr'><strong>quasvis</strong></span> <span class='ocrx_word' id='word_1_169' title='bbox 684 2532 895 2591; x_wconf 86' lang='lat' dir='ltr'><strong>criminationes</strong></span> <span class='ocrx_word' id='word_1_170' title='bbox 913 2534 1051 2611; x_wconf 87' lang='lat' dir='ltr'><strong>proferet,</strong></span> <span class='ocrx_word' id='word_1_171' title='bbox 1066 2553 1097 2592; x_wconf 90' lang='lat' dir='ltr'><strong>se</strong></span> <span class='ocrx_word' id='word_1_172' title='bbox 1119 2528 1193 2591; x_wconf 88' lang='lat' dir='ltr'><strong>faeti·</strong></span> 
     </span>
     <span class='ocr_line' id='line_1_22' title="bbox 115 2622 1192 2704; baseline 0.003 -26"><span class='ocrx_word' id='word_1_173' title='bbox 115 2622 219 2679; x_wconf 89' lang='lat' dir='ltr'><strong>onibus</strong></span> <span class='ocrx_word' id='word_1_174' title='bbox 243 2624 373 2699; x_wconf 88' lang='lat' dir='ltr'><strong>opprimi,</strong></span> <span class='ocrx_word' id='word_1_175' title='bbox 397 2644 427 2681; x_wconf 88' lang='lat' dir='ltr'><strong>se</strong></span> <span class='ocrx_word' id='word_1_176' title='bbox 446 2636 563 2702; x_wconf 87' lang='lat' dir='ltr'><strong>propter</strong></span> <span class='ocrx_word' id='word_1_177' title='bbox 586 2625 682 2701; x_wconf 86' lang='lat' dir='ltr'><strong>legum</strong></span> <span class='ocrx_word' id='word_1_178' title='bbox 708 2626 905 2683; x_wconf 81' lang='lat' dir='ltr'><strong>defensionem</strong></span> <span class='ocrx_word' id='word_1_179' title='bbox 921 2626 1060 2703; x_wconf 84' lang='lat' dir='ltr'><strong>exagitari</strong></span> <span class='ocrx_word' id='word_1_180' title='bbox 1084 2623 1192 2704; x_wconf 88' lang='lat' dir='ltr'><strong>quirita-</strong></span> 
     </span>
     <span class='ocr_line' id='line_1_23' title="bbox 121 2711 1192 2796; baseline 0.005 -27"><span class='ocrx_word' id='word_1_181' title='bbox 121 2711 210 2769; x_wconf 83' lang='lat' dir='ltr'><strong>bitur.</strong></span> <span class='ocrx_word' id='word_1_182' title='bbox 252 2714 327 2771; x_wconf 88' lang='lat' dir='ltr'><strong>Nam</strong></span> <span class='ocrx_word' id='word_1_183' title='bbox 352 2715 399 2792; x_wconf 92' lang='lat' dir='ltr'><strong>qui</strong></span> <span class='ocrx_word' id='word_1_184' title='bbox 415 2735 532 2772; x_wconf 80' lang='lat' dir='ltr'><strong>causatu</strong></span> <span class='ocrx_word' id='word_1_185' title='bbox 548 2717 636 2793; x_wconf 86' lang='lat' dir='ltr'><strong>ipsaru</strong></span> <span class='ocrx_word' id='word_1_186' title='bbox 653 2717 724 2774; x_wconf 89' lang='lat' dir='ltr'><strong>tueri</strong></span> <span class='ocrx_word' id='word_1_187' title='bbox 746 2730 905 2794; x_wconf 86' lang='lat' dir='ltr'><strong>nequeunt,</strong></span> <span class='ocrx_word' id='word_1_188' title='bbox 924 2718 981 2777; x_wconf 90' lang='lat' dir='ltr'><strong>hoe</strong></span> <span class='ocrx_word' id='word_1_189' title='bbox 999 2719 1139 2796; x_wconf 86' lang='lat' dir='ltr'><strong>reliquum</strong></span> <span class='ocrx_word' id='word_1_190' title='bbox 1149 2716 1192 2774; x_wconf 87' lang='lat' dir='ltr'><strong>ha·</strong></span> 
     </span>
     <span class='ocr_line' id='line_1_24' title="bbox 44 2805 1193 2888; baseline 0.003 -27"><span class='ocrx_word' id='word_1_191' title='bbox 44 2805 48 2825; x_wconf 80' lang='lat'><strong>¹</strong></span> <span class='ocrx_word' id='word_1_192' title='bbox 115 2806 196 2875; x_wconf 89' lang='lat' dir='ltr'><strong>bent,</strong></span> <span class='ocrx_word' id='word_1_193' title='bbox 217 2814 249 2862; x_wconf 94' lang='lat' dir='ltr'><strong>ut</strong></span> <span class='ocrx_word' id='word_1_194' title='bbox 276 2805 445 2883; x_wconf 70' lang='lat' dir='ltr'><strong>effugiant</strong></span> <span class='ocrx_word' id='word_1_195' title='bbox 467 2827 570 2866; x_wconf 88' lang='lat' dir='ltr'><strong>causas</strong></span> <span class='ocrx_word' id='word_1_196' title='bbox 596 2810 756 2886; x_wconf 87' lang='lat' dir='ltr'><strong>quaeritent,</strong></span> <span class='ocrx_word' id='word_1_197' title='bbox 779 2831 855 2886; x_wconf 82' lang='lat' dir='ltr'><strong>quoe,</strong></span> <span class='ocrx_word' id='word_1_198' title='bbox 869 2823 968 2888; x_wconf 88' lang='lat' dir='ltr'><strong>erepta</strong></span> <span class='ocrx_word' id='word_1_199' title='bbox 989 2810 1081 2888; x_wconf 87' lang='lat' dir='ltr'><strong>ipsius</strong></span> <span class='ocrx_word' id='word_1_200' title='bbox 1107 2826 1193 2867; x_wconf 83' lang='lat' dir='ltr'><strong>causa</strong></span> 
     </span>
     <span class='ocr_line' id='line_1_25' title="bbox 118 2897 1193 2981; baseline 0.006 -27"><span class='ocrx_word' id='word_1_201' title='bbox 118 2897 328 2971; x_wconf 84' lang='lat' dir='ltr'><strong>recordatione,</strong></span> <span class='ocrx_word' id='word_1_202' title='bbox 353 2899 381 2957; x_wconf 94' lang='lat' dir='ltr'><strong>in</strong></span> <span class='ocrx_word' id='word_1_203' title='bbox 396 2900 429 2958; x_wconf 92' lang='lat' dir='ltr'><strong>iis</strong></span> <span class='ocrx_word' id='word_1_204' title='bbox 444 2920 495 2958; x_wconf 91' lang='lat' dir='ltr'><strong>vos</strong></span> <span class='ocrx_word' id='word_1_205' title='bbox 516 2901 666 2960; x_wconf 88' lang='lat' dir='ltr'><strong>detineant</strong></span> <span class='ocrx_word' id='word_1_206' title='bbox 679 2922 743 2979; x_wconf 86' lang='lat' dir='ltr'><strong>quae</strong></span> <span class='ocrx_word' id='word_1_207' title='bbox 757 2903 794 2960; x_wconf 93' lang='lat' dir='ltr'><strong>ad</strong></span> <span class='ocrx_word' id='word_1_208' title='bbox 813 2902 903 2981; x_wconf 88' lang='lat' dir='ltr'><strong>ipsam</strong></span> <span class='ocrx_word' id='word_1_209' title='bbox 918 2923 1037 2962; x_wconf 88' lang='lat' dir='ltr'><strong>eausam</strong></span> <span class='ocrx_word' id='word_1_210' title='bbox 1052 2903 1122 2961; x_wconf 82' lang='lat' dir='ltr'><strong>nilril</strong></span> <span class='ocrx_word' id='word_1_211' title='bbox 1136 2900 1193 2960; x_wconf 84' lang='lat' dir='ltr'><strong>utti-</strong></span> 
     </span>
     <span class='ocr_line' id='line_1_26' title="bbox 117 2991 1194 3073; baseline 0.002 -26"><span class='ocrx_word' id='word_1_212' title='bbox 117 3000 198 3048; x_wconf 88' lang='lat' dir='ltr'><strong>nent.</strong></span> <span class='ocrx_word' id='word_1_213' title='bbox 240 2991 303 3069; x_wconf 85' lang='lat' dir='ltr'><strong>Ego</strong></span> <span class='ocrx_word' id='word_1_214' title='bbox 317 3012 395 3063; x_wconf 91' lang='lat' dir='ltr'><strong>vero,</strong></span> <span class='ocrx_word' id='word_1_215' title='bbox 415 2992 544 3062; x_wconf 88' lang='lat' dir='ltr'><strong>Judiccs,</strong></span> <span class='ocrx_word' id='word_1_216' title='bbox 566 2993 589 3049; x_wconf 94' lang='lat' dir='ltr'><strong>si</strong></span> <span class='ocrx_word' id='word_1_217' title='bbox 613 2993 641 3051; x_wconf 88' lang='lat' dir='ltr'><strong>in</strong></span> <span class='ocrx_word' id='word_1_218' title='bbox 659 2993 772 3071; x_wconf 83' lang='lat' dir='ltr'><strong>legibus</strong></span> <span class='ocrx_word' id='word_1_219' title='bbox 793 3015 857 3071; x_wconf 88' lang='lat' dir='ltr'><strong>quac</strong></span> <span class='ocrx_word' id='word_1_220' title='bbox 871 2994 955 3052; x_wconf 90' lang='lat' dir='ltr'><strong>lectae</strong></span> <span class='ocrx_word' id='word_1_221' title='bbox 970 3006 1049 3064; x_wconf 87' lang='lat' dir='ltr'><strong>sunt,</strong></span> <span class='ocrx_word' id='word_1_222' title='bbox 1067 2994 1194 3073; x_wconf 86' lang='lat' dir='ltr'><strong>scriptum</strong></span> 
     </span>
     <span class='ocr_line' id='line_1_27' title="bbox 117 3082 1195 3163; baseline 0.005 -25"><span class='ocrx_word' id='word_1_223' title='bbox 117 3082 255 3155; x_wconf 86' lang='lat' dir='ltr'><strong>viderem,</strong></span> <span class='ocrx_word' id='word_1_224' title='bbox 277 3084 327 3143; x_wconf 91' lang='lat' dir='ltr'><strong>illa</strong></span> <span class='ocrx_word' id='word_1_225' title='bbox 339 3106 405 3163; x_wconf 85' lang='lat' dir='ltr'><strong>quoe</strong></span> <span class='ocrx_word' id='word_1_226' title='bbox 420 3086 456 3144; x_wconf 88' lang='lat' dir='ltr'><strong>de</strong></span> <span class='ocrx_word' id='word_1_227' title='bbox 470 3086 726 3145; x_wconf 87' lang='lat' dir='ltr'><strong>calumniatoribus</strong></span> <span class='ocrx_word' id='word_1_228' title='bbox 741 3087 851 3145; x_wconf 88' lang='lat' dir='ltr'><strong>sancita</strong></span> <span class='ocrx_word' id='word_1_229' title='bbox 865 3098 942 3155; x_wconf 89' lang='lat' dir='ltr'><strong>sunt,</strong></span> <span class='ocrx_word' id='word_1_230' title='bbox 956 3086 996 3146; x_wconf 88' lang='lat' dir='ltr'><strong>ita</strong></span> <span class='ocrx_word' id='word_1_231' title='bbox 1010 3088 1128 3146; x_wconf 90' lang='lat' dir='ltr'><strong>demum</strong></span> <span class='ocrx_word' id='word_1_232' title='bbox 1140 3093 1195 3144; x_wconf 76' lang='lat' dir='ltr'><strong>rata</strong></span> 
     </span>
     <span class='ocr_line' id='line_1_28' title="bbox 117 3175 1195 3258; baseline 0.003 -26"><span class='ocrx_word' id='word_1_233' title='bbox 117 3175 262 3249; x_wconf 89' lang='lat' dir='ltr'><strong>habenda,</strong></span> <span class='ocrx_word' id='word_1_234' title='bbox 279 3178 303 3236; x_wconf 91' lang='lat' dir='ltr'><strong>si</strong></span> <span class='ocrx_word' id='word_1_235' title='bbox 316 3178 491 3237; x_wconf 88' lang='lat' dir='ltr'><strong>Theocrincs</strong></span> <span class='ocrx_word' id='word_1_236' title='bbox 511 3178 635 3249; x_wconf 86' lang='lat' dir='ltr'><strong>delatus,</strong></span> <span class='ocrx_word' id='word_1_237' title='bbox 651 3199 744 3256; x_wconf 92' lang='lat' dir='ltr'><strong>neque</strong></span> <span class='ocrx_word' id='word_1_238' title='bbox 759 3179 971 3257; x_wconf 85' lang='lat' dir='ltr'><strong>Thucydidem,</strong></span> <span class='ocrx_word' id='word_1_239' title='bbox 987 3200 1081 3258; x_wconf 89' lang='lat' dir='ltr'><strong>noque</strong></span> <span class='ocrx_word' id='word_1_240' title='bbox 1096 3179 1195 3238; x_wconf 92' lang='lat' dir='ltr'><strong>Demo·</strong></span> 
     </span>
     <span class='ocr_line' id='line_1_29' title="bbox 48 3266 1195 3349; baseline 0.002 -24"><span class='ocrx_word' id='word_1_241' title='bbox 48 3266 50 3270; x_wconf 70' lang='grc'><strong>’</strong></span> <span class='ocrx_word' id='word_1_242' title='bbox 118 3269 258 3341; x_wconf 85' lang='lat' dir='ltr'><strong>sthenem,</strong></span> <span class='ocrx_word' id='word_1_243' title='bbox 278 3289 372 3346; x_wconf 91' lang='lat' dir='ltr'><strong>neque</strong></span> <span class='ocrx_word' id='word_1_244' title='bbox 387 3271 474 3328; x_wconf 90' lang='lat' dir='ltr'><strong>alium</strong></span> <span class='ocrx_word' id='word_1_245' title='bbox 487 3270 649 3348; x_wconf 87' lang='lat' dir='ltr'><strong>qucrnpiam</strong></span> <span class='ocrx_word' id='word_1_246' title='bbox 666 3282 826 3329; x_wconf 88' lang='lat' dir='ltr'><strong>versantem</strong></span> <span class='ocrx_word' id='word_1_247' title='bbox 842 3272 870 3328; x_wconf 91' lang='lat' dir='ltr'><strong>iu</strong></span> <span class='ocrx_word' id='word_1_248' title='bbox 891 3271 1041 3349; x_wconf 88' lang='lat' dir='ltr'><strong>republica</strong></span> <span class='ocrx_word' id='word_1_249' title='bbox 1055 3271 1144 3330; x_wconf 86' lang='lat' dir='ltr'><strong>virum</strong></span> <span class='ocrx_word' id='word_1_250' title='bbox 1158 3268 1195 3327; x_wconf 92' lang='lat' dir='ltr'><strong>in·</strong></span> 
     </span>
     <span class='ocr_line' id='line_1_30' title="bbox 119 3362 1196 3439; baseline 0.003 -23"><span class='ocrx_word' id='word_1_251' title='bbox 119 3371 245 3429; x_wconf 89' lang='lat' dir='ltr'><strong>cusaret,</strong></span> <span class='ocrx_word' id='word_1_252' title='bbox 270 3362 460 3439; x_wconf 88' lang='lat' dir='ltr'><strong>quievissem:</strong></span> <span class='ocrx_word' id='word_1_253' title='bbox 495 3382 573 3421; x_wconf 86' lang='lat' dir='ltr'><strong>ruruc</strong></span> <span class='ocrx_word' id='word_1_254' title='bbox 600 3364 820 3421; x_wconf 86' lang='lat' dir='ltr'><strong>excusationum</strong></span> <span class='ocrx_word' id='word_1_255' title='bbox 843 3363 954 3421; x_wconf 86' lang='lat' dir='ltr'><strong>illarnnr</strong></span> <span class='ocrx_word' id='word_1_256' title='bbox 973 3363 1085 3423; x_wconf 89' lang='lat' dir='ltr'><strong>nullam</strong></span> <span class='ocrx_word' id='word_1_257' title='bbox 1107 3364 1151 3422; x_wconf 86' lang='lat' dir='ltr'><strong>rel</strong></span> <span class='ocrx_word' id='word_1_258' title='bbox 1171 3362 1196 3419; x_wconf 94' lang='lat' dir='ltr'><strong>in</strong></span> 
     </span>
     <span class='ocr_line' id='line_1_31' title="bbox 119 3449 1195 3533; baseline 0.003 -25"><span class='ocrx_word' id='word_1_259' title='bbox 119 3449 232 3527; x_wconf 86' lang='lat' dir='ltr'><strong>legibus</strong></span> <span class='ocrx_word' id='word_1_260' title='bbox 254 3453 391 3510; x_wconf 90' lang='lat' dir='ltr'><strong>momenti</strong></span> <span class='ocrx_word' id='word_1_261' title='bbox 408 3453 516 3512; x_wconf 88' lang='lat' dir='ltr'><strong>habere</strong></span> <span class='ocrx_word' id='word_1_262' title='bbox 536 3454 619 3513; x_wconf 88' lang='lat' dir='ltr'><strong>video</strong></span> <span class='ocrx_word' id='word_1_263' title='bbox 639 3456 805 3533; x_wconf 89' lang='lat' dir='ltr'><strong>quiequam,</strong></span> <span class='ocrx_word' id='word_1_264' title='bbox 820 3456 865 3514; x_wconf 88' lang='lat' dir='ltr'><strong>vel</strong></span> <span class='ocrx_word' id='word_1_265' title='bbox 879 3472 943 3513; x_wconf 79' lang='lat' dir='ltr'><strong>osse</strong></span> <span class='ocrx_word' id='word_1_266' title='bbox 957 3476 1075 3526; x_wconf 78' lang='lat' dir='ltr'><strong>norant,</strong></span> <span class='ocrx_word' id='word_1_267' title='bbox 1088 3468 1121 3514; x_wconf 89' lang='lat' dir='ltr'><strong>ut</strong></span> <span class='ocrx_word' id='word_1_268' title='bbox 1138 3465 1195 3513; x_wconf 90' lang='lat' dir='ltr'><strong>tan·</strong></span> 
     </span>
     <span class='ocr_line' id='line_1_32' title="bbox 118 3545 1196 3626; baseline 0.004 -27"><span class='ocrx_word' id='word_1_269' title='bbox 118 3561 205 3619; x_wconf 90' lang='lat' dir='ltr'><strong>quam</strong></span> <span class='ocrx_word' id='word_1_270' title='bbox 230 3545 357 3602; x_wconf 87' lang='lat' dir='ltr'><strong>inaudita</strong></span> <span class='ocrx_word' id='word_1_271' title='bbox 379 3546 618 3606; x_wconf 85' lang='lat' dir='ltr'><strong>auscultationem</strong></span> <span class='ocrx_word' id='word_1_272' title='bbox 636 3561 788 3618; x_wconf 87' lang='lat' dir='ltr'><strong>mereatur,</strong></span> <span class='ocrx_word' id='word_1_273' title='bbox 803 3548 864 3606; x_wconf 89' lang='lat' dir='ltr'><strong>sed·</strong></span> <span class='ocrx_word' id='word_1_274' title='bbox 877 3548 1007 3626; x_wconf 84' lang='lat' dir='ltr'><strong>singulas</strong></span> <span class='ocrx_word' id='word_1_275' title='bbox 1022 3569 1040 3607; x_wconf 92' lang='lat' dir='ltr'><strong>a</strong></span> <span class='ocrx_word' id='word_1_276' title='bbox 1058 3549 1116 3607; x_wconf 90' lang='lat' dir='ltr'><strong>reis</strong></span> <span class='ocrx_word' id='word_1_277' title='bbox 1138 3565 1196 3607; x_wconf 87' lang='lat' dir='ltr'><strong>sex·</strong></span> 
     </span>
     <span class='ocr_line' id='line_1_33' title="bbox 119 3627 1196 3721; baseline 0.002 -26"><span class='ocrx_word' id='word_1_278' title='bbox 119 3637 229 3695; x_wconf 88' lang='lat' dir='ltr'><strong>centies</strong></span> <span class='ocrx_word' id='word_1_279' title='bbox 243 3637 411 3697; x_wconf 80' lang='lat' dir='ltr'><strong>inculcatae.</strong></span> <span class='ocrx_word' id='word_1_280' title='bbox 453 3642 554 3721; x_wconf 80' lang='lat' dir='ltr'><strong>Atque</strong></span> <span class='ocrx_word' id='word_1_281' title='bbox 570 3642 657 3699; x_wconf 89' lang='lat' dir='ltr'><strong>ctiam</strong></span> <span class='ocrx_word' id='word_1_282' title='bbox 671 3662 688 3698; x_wconf 89' lang='lat' dir='ltr'><strong>e</strong></span> <span class='ocrx_word' id='word_1_283' title='bbox 703 3627 862 3700; x_wconf 81' lang='lat' dir='ltr'><strong>senioribus</strong></span> <span class='ocrx_word' id='word_1_284' title='bbox 882 3642 979 3711; x_wconf 90' lang='lat' dir='ltr'><strong>audio,</strong></span> <span class='ocrx_word' id='word_1_285' title='bbox 999 3642 1131 3713; x_wconf 79' lang='lat' dir='ltr'><strong>ludices,</strong></span> <span class='ocrx_word' id='word_1_286' title='bbox 1144 3640 1196 3699; x_wconf 87' lang='lat' dir='ltr'><strong>rio·</strong></span> 
     </span>
     <span class='ocr_line' id='line_1_34' title="bbox 119 3729 1199 3809; baseline -0.001 -20"><span class='ocrx_word' id='word_1_287' title='bbox 119 3729 204 3789; x_wconf 89' lang='lat' dir='ltr'><strong>latori</strong></span> <span class='ocrx_word' id='word_1_288' title='bbox 225 3730 322 3809; x_wconf 81' lang='lat' dir='ltr'><strong>legum</strong></span> <span class='ocrx_word' id='word_1_289' title='bbox 345 3731 414 3789; x_wconf 91' lang='lat' dir='ltr'><strong>nibil</strong></span> <span class='ocrx_word' id='word_1_290' title='bbox 436 3735 552 3791; x_wconf 88' lang='lat' dir='ltr'><strong>omniuo</strong></span> <span class='ocrx_word' id='word_1_291' title='bbox 576 3733 711 3809; x_wconf 87' lang='lat' dir='ltr'><strong>cuiquam</strong></span> <span class='ocrx_word' id='word_1_292' title='bbox 735 3754 801 3793; x_wconf 90' lang='lat' dir='ltr'><strong>esse</strong></span> <span class='ocrx_word' id='word_1_293' title='bbox 822 3734 914 3792; x_wconf 85' lang='lat' dir='ltr'><strong>reniae</strong></span> <span class='ocrx_word' id='word_1_294' title='bbox 937 3735 1139 3792; x_wconf 86' lang='lat' dir='ltr'><strong>tribuendum:</strong></span> <span class='ocrx_word' id='word_1_295' title='bbox 1159 3732 1199 3790; x_wconf 89' lang='lat' dir='ltr'><strong>sin</strong></span> 
     </span>
     <span class='ocr_line' id='line_1_35' title="bbox 120 3821 1198 3904; baseline -0.001 -23"><span class='ocrx_word' id='word_1_296' title='bbox 120 3821 267 3902; x_wconf 90' lang='lat' dir='ltr'><strong>quippiam</strong></span> <span class='ocrx_word' id='word_1_297' title='bbox 288 3825 362 3881; x_wconf 87' lang='lat' dir='ltr'><strong>forte</strong></span> <span class='ocrx_word' id='word_1_298' title='bbox 383 3825 430 3895; x_wconf 85' lang='lat' dir='ltr'><strong>sit,</strong></span> <span class='ocrx_word' id='word_1_299' title='bbox 452 3844 510 3883; x_wconf 94' lang='lat' dir='ltr'><strong>non</strong></span> <span class='ocrx_word' id='word_1_300' title='bbox 536 3828 715 3884; x_wconf 87' lang='lat' dir='ltr'><strong>continenter</strong></span> <span class='ocrx_word' id='word_1_301' title='bbox 743 3825 888 3904; x_wconf 85' lang='lat' dir='ltr'><strong>improbis,</strong></span> <span class='ocrx_word' id='word_1_302' title='bbox 912 3837 1030 3904; x_wconf 88' lang='lat' dir='ltr'><strong>propter</strong></span> <span class='ocrx_word' id='word_1_303' title='bbox 1056 3825 1198 3885; x_wconf 90' lang='lat' dir='ltr'><strong>sordidum</strong></span> 
     </span>
     <span class='ocr_line' id='line_1_36' title="bbox 119 3912 1199 3995; baseline -0.003 -21"><span class='ocrx_word' id='word_1_304' title='bbox 119 3926 260 3995; x_wconf 82' lang='lat' dir='ltr'><strong>quaestum</strong></span> <span class='ocrx_word' id='word_1_305' title='bbox 276 3914 356 3994; x_wconf 80' lang='lat' dir='ltr'><strong>leges</strong></span> <span class='ocrx_word' id='word_1_306' title='bbox 376 3918 742 3995; x_wconf 87' lang='lat' dir='ltr'><strong>aspernantibus,—-ncque</strong></span> <span class='ocrx_word' id='word_1_307' title='bbox 765 3917 840 3975; x_wconf 87' lang='lat' dir='ltr'><strong>enirn</strong></span> <span class='ocrx_word' id='word_1_308' title='bbox 863 3917 908 3975; x_wconf 91' lang='lat' dir='ltr'><strong>fas</strong></span> <span class='ocrx_word' id='word_1_309' title='bbox 929 3930 975 3976; x_wconf 88' lang='lat' dir='ltr'><strong>cst</strong></span> <span class='ocrx_word' id='word_1_310' title='bbox 986 3917 1090 3976; x_wconf 74' lang='lat' dir='ltr'><strong>t-sed</strong></span> <span class='ocrx_word' id='word_1_311' title='bbox 1107 3917 1142 3975; x_wconf 92' lang='lat' dir='ltr'><strong>iis</strong></span> <span class='ocrx_word' id='word_1_312' title='bbox 1155 3912 1199 3993; x_wconf 91' lang='lat' dir='ltr'><strong>qui</strong></span> 
     </span>
     <span class='ocr_line' id='line_1_37' title="bbox 120 4007 1199 4088; baseline -0.002 -21"><span class='ocrx_word' id='word_1_313' title='bbox 120 4028 156 4067; x_wconf 90' lang='lat' dir='ltr'><strong>ex</strong></span> <span class='ocrx_word' id='word_1_314' title='bbox 169 4007 310 4084; x_wconf 83' lang='lat' dir='ltr'><strong>imperitia</strong></span> <span class='ocrx_word' id='word_1_315' title='bbox 324 4026 417 4065; x_wconf 88' lang='lat' dir='ltr'><strong>rerurn</strong></span> <span class='ocrx_word' id='word_1_316' title='bbox 436 4009 557 4086; x_wconf 90' lang='lat' dir='ltr'><strong>scriptas</strong></span> <span class='ocrx_word' id='word_1_317' title='bbox 579 4008 686 4066; x_wconf 90' lang='lat' dir='ltr'><strong>alieubi</strong></span> <span class='ocrx_word' id='word_1_318' title='bbox 707 4010 789 4086; x_wconf 77' lang='lat' dir='ltr'><strong>leges</strong></span> <span class='ocrx_word' id='word_1_319' title='bbox 813 4009 892 4067; x_wconf 88' lang='lat' dir='ltr'><strong>iuviti</strong></span> <span class='ocrx_word' id='word_1_320' title='bbox 910 4009 1114 4088; x_wconf 84' lang='lat' dir='ltr'><strong>neglexerint;</strong></span> <span class='ocrx_word' id='word_1_321' title='bbox 1133 4024 1199 4087; x_wconf 93' lang='lat' dir='ltr'><strong>quo·</strong></span> 
     </span>
     <span class='ocr_line' id='line_1_38' title="bbox 120 4098 1199 4179; baseline -0.003 -21"><span class='ocrx_word' id='word_1_322' title='bbox 120 4120 183 4158; x_wconf 88' lang='lat' dir='ltr'><strong>rum</strong></span> <span class='ocrx_word' id='word_1_323' title='bbox 197 4098 283 4156; x_wconf 90' lang='lat' dir='ltr'><strong>istum</strong></span> <span class='ocrx_word' id='word_1_324' title='bbox 297 4118 359 4157; x_wconf 89' lang='lat' dir='ltr'><strong>esse</strong></span> <span class='ocrx_word' id='word_1_325' title='bbox 372 4098 572 4168; x_wconf 80' lang='lat' dir='ltr'><strong>l&#39;lreocrinem,</strong></span> <span class='ocrx_word' id='word_1_326' title='bbox 587 4118 672 4158; x_wconf 91' lang='lat' dir='ltr'><strong>nemo</strong></span> <span class='ocrx_word' id='word_1_327' title='bbox 687 4099 800 4170; x_wconf 88' lang='lat' dir='ltr'><strong>dixerit,</strong></span> <span class='ocrx_word' id='word_1_328' title='bbox 814 4113 973 4179; x_wconf 89' lang='lat' dir='ltr'><strong>contraque</strong></span> <span class='ocrx_word' id='word_1_329' title='bbox 987 4101 1016 4157; x_wconf 93' lang='lat' dir='ltr'><strong>in</strong></span> <span class='ocrx_word' id='word_1_330' title='bbox 1031 4100 1129 4177; x_wconf 83' lang='lat' dir='ltr'><strong>legum</strong></span> <span class='ocrx_word' id='word_1_331' title='bbox 1143 4116 1199 4155; x_wconf 92' lang='lat' dir='ltr'><strong>om·</strong></span> 
     </span>
     <span class='ocr_line' id='line_1_39' title="bbox 120 4187 1233 4270; baseline -0.004 -21"><span class='ocrx_word' id='word_1_332' title='bbox 120 4193 199 4250; x_wconf 90' lang='lat' dir='ltr'><strong>nium</strong></span> <span class='ocrx_word' id='word_1_333' title='bbox 222 4191 385 4270; x_wconf 83' lang='lat' dir='ltr'><strong>cognitione</strong></span> <span class='ocrx_word' id='word_1_334' title='bbox 408 4189 643 4249; x_wconf 86' lang='lat' dir='ltr'><strong>versatissimum.</strong></span> <span class='ocrx_word' id='word_1_335' title='bbox 686 4194 784 4260; x_wconf 87' lang='lat' dir='ltr'><strong>Quare</strong></span> <span class='ocrx_word' id='word_1_336' title='bbox 808 4193 954 4251; x_wconf 88' lang='lat' dir='ltr'><strong>cavendus</strong></span> <span class='ocrx_word' id='word_1_337' title='bbox 968 4203 1021 4261; x_wconf 88' lang='lat' dir='ltr'><strong>est,</strong></span> <span class='ocrx_word' id='word_1_338' title='bbox 1044 4211 1139 4268; x_wconf 90' lang='lat' dir='ltr'><strong>neque</strong></span> <span class='ocrx_word' id='word_1_339' title='bbox 1158 4187 1199 4247; x_wconf 86' lang='lat' dir='ltr'><strong>vel</strong></span> <span class='ocrx_word' id='word_1_340' title='bbox 1228 4246 1233 4256; x_wconf 75' lang='grc'><strong>,</strong></span> 
     </span>
     <span class='ocr_line' id='line_1_40' title="bbox 121 4282 1199 4363; baseline -0.002 -22"><span class='ocrx_word' id='word_1_341' title='bbox 121 4284 159 4341; x_wconf 87' lang='lat' dir='ltr'><strong>ad</strong></span> <span class='ocrx_word' id='word_1_342' title='bbox 184 4304 257 4356; x_wconf 86' lang='lat' dir='ltr'><strong>mea,</strong></span> <span class='ocrx_word' id='word_1_343' title='bbox 272 4284 316 4343; x_wconf 90' lang='lat' dir='ltr'><strong>vel</strong></span> <span class='ocrx_word' id='word_1_344' title='bbox 342 4285 405 4363; x_wconf 91' lang='lat' dir='ltr'><strong>ejus</strong></span> <span class='ocrx_word' id='word_1_345' title='bbox 428 4284 516 4341; x_wconf 89' lang='lat' dir='ltr'><strong>verba</strong></span> <span class='ocrx_word' id='word_1_346' title='bbox 530 4282 752 4362; x_wconf 86' lang='lat' dir='ltr'><strong>respiciendum.</strong></span> <span class='ocrx_word' id='word_1_347' title='bbox 794 4283 899 4363; x_wconf 89' lang='lat' dir='ltr'><strong>Neque</strong></span> <span class='ocrx_word' id='word_1_348' title='bbox 918 4284 993 4342; x_wconf 85' lang='lat' dir='ltr'><strong>enirn</strong></span> <span class='ocrx_word' id='word_1_349' title='bbox 1013 4304 1129 4363; x_wconf 74' lang='lat' dir='ltr'><strong>acquum</strong></span> <span class='ocrx_word' id='word_1_350' title='bbox 1149 4290 1199 4348; x_wconf 80' lang='lat' dir='ltr'><strong>cst,</strong></span> 
     </span>
     <span class='ocr_line' id='line_1_41' title="bbox 121 4370 1200 4469; baseline 0 -40"><span class='ocrx_word' id='word_1_351' title='bbox 121 4386 152 4431; x_wconf 88' lang='lat' dir='ltr'><strong>ut</strong></span> <span class='ocrx_word' id='word_1_352' title='bbox 171 4375 220 4451; x_wconf 86' lang='lat' dir='ltr'><strong>qui</strong></span> <span class='ocrx_word' id='word_1_353' title='bbox 243 4396 296 4469; x_wconf 72' lang='lat' dir='ltr'><strong>pro</strong></span> <span class='ocrx_word' id='word_1_354' title='bbox 320 4377 416 4455; x_wconf 81' lang='lat' dir='ltr'><strong>legum</strong></span> <span class='ocrx_word' id='word_1_355' title='bbox 436 4374 605 4435; x_wconf 83' lang='lat' dir='ltr'><strong>defensione</strong></span> <span class='ocrx_word' id='word_1_356' title='bbox 624 4376 740 4447; x_wconf 80' lang='lat' dir='ltr'><strong>adsunt,</strong></span> <span class='ocrx_word' id='word_1_357' title='bbox 756 4375 873 4454; x_wconf 87' lang='lat' dir='ltr'><strong>prolixis</strong></span> <span class='ocrx_word' id='word_1_358' title='bbox 889 4376 993 4435; x_wconf 87' lang='lat' dir='ltr'><strong>fabulis</strong></span> <span class='ocrx_word' id='word_1_359' title='bbox 1006 4387 1035 4433; x_wconf 82' lang='lat' dir='ltr'><strong>et</strong></span> <span class='ocrx_word' id='word_1_360' title='bbox 1050 4370 1200 4433; x_wconf 81' lang='lat' dir='ltr'><strong>criminati-</strong></span> 
     </span>
    </p>
   </div>
   <div class='ocr_carea' id='block_1_8' title="bbox 0 0 1352 4792">
    <p class='ocr_par' dir='ltr' id='par_1_8' title="bbox 0 0 1352 4792">
     <span class='ocr_line' id='line_1_42' title="bbox 0 0 1352 4792; baseline 0 0"><span class='ocrx_word' id='word_1_361' title='bbox 0 0 1352 4792; x_wconf 95' lang='lat' dir='ltr'><strong> </strong></span> 
     </span>
    </p>
   </div>
  </div>
 </body>
</html>
