2662 4792
315 156 319 163 ,
360 116 371 157 l

123 266 182 325 666
345 264 387 323 ΙΝ
409 263 610 323 EVERGUM
632 264 684 323 ET
707 262 993 323 MNESIBULUM.

124 418 279 501 mancipia,
290 418 343 480 sed
356 429 387 479 et
397 418 588 499 supellectilia
601 438 668 497 quaa
681 419 773 499 pridie
785 420 1000 500 superfuerant,
1013 424 1159 497 occupat:
1178 434 1215 477 ac

123 513 250 593 lapicida
261 511 391 591 quidam,
405 512 454 590 qui
475 512 670 592 propinquum
683 523 906 573 monumentum
927 509 1102 591 expoliebat,
1116 508 1216 570 denuo

123 606 201 681 abire
216 605 360 684 Evergum
374 604 486 683 reliquo
497 606 691 666 instrumento
705 626 743 667 ex
758 606 870 666 oedibus
884 605 956 665 meis
968 612 1135 685 exportato,
1148 621 1217 663 cum

122 718 180 777 quo
201 698 272 757 nihil
290 698 361 757 mihi
382 698 491 778 negotii
502 699 577 772 tuit,
591 699 720 761 nunciat.
761 700 837 768 Qum
858 709 891 760 ut
908 719 955 758 me
970 717 1037 758 vere
1051 695 1163 769 dicere,
1176 704 1217 771 et,

122 811 172 851 eos
190 792 283 871 pridie
301 812 367 851 mea
385 792 650 873 pignora‘cepirse,
664 802 695 853 et
714 813 813 853 rursus
826 794 930 853 eodem
951 792 998 851 die
1019 791 1048 849 in
1070 790 1152 851 mdes
1172 788 1219 849 in·

122 905 237 964 gressus
247 885 347 952 fuisse,
355 905 402 945 me
415 905 485 946 vero
498 886 639 966 postridie
652 885 774 947 solvisse
783 885 958 966 judicatum,
967 895 998 945 et
1009 882 1164 964 pecualem
1175 882 1217 943 eis

121 996 290 1038 numerasse
302 980 508 1058 constet-qui
522 979 610 1053 enim,
623 979 678 1040 nisi
688 990 719 1040 et
731 989 866 1039 coactum
886 976 1000 1051 fuisset,
1014 986 1045 1037 et
1063 976 1106 1037 eis
1127 997 1148 1037 a
1168 994 1216 1037 me

120 1071 338 1143 denunciatum,
352 1071 450 1132 statim
463 1072 643 1152 recepissent
650 1071 806 1132 l-harum
828 1090 922 1130 rerum
945 1068 1115 1129 testhnonIa
1132 1068 1215 1131 vobis

120 1165 326 1226 recitabuntur.

535 1382 802 1443 TESTIMONIA.

165 1529 211 1585 18.
233 1526 309 1585 Cum
323 1538 430 1598 autem,
440 1537 632 1606 posteaquam
642 1527 684 1586 eis
693 1526 911 1597 denunciatum,
922 1526 1053 1595 ludicen,
1065 1533 1101 1584 ut
1113 1542 1213 1603 atrurn,

119 1638 208 1699 quam
217 1620 293 1679 male
304 1621 488 1690 mulctarant,
503 1619 640 1680 adductis
648 1620 768 1679 medicis
781 1629 925 1691 curarent,
934 1638 996 1677 rem
1010 1618 1213 1696 neglexerunt,

120 1731 176 1790 ego
190 1712 251 1791 ipse
266 1713 411 1772 medIcum
427 1732 484 1791 quo
499 1713 608 1771 multos
622 1732 716 1770 annos
728 1714 841 1770 fueram
862 1731 943 1784 usus,
956 1711 1006 1789 qui
1029 1731 1096 1770 eam
1121 1730 1215 1790 aegro·

120 1815 232 1863 tantem
251 1813 376 1877 curaret,
399 1802 558 1871 accersivi;
578 1803 662 1880 eique
686 1812 719 1862 ut
739 1802 789 1862 illa
808 1802 913 1862 affecta
933 1812 1013 1862 esset
1026 1804 1152 1863 testibus
1165 1804 1215 1863 ad·

120 1896 217 1955 ductis
228 1896 354 1955 ostendi.
384 1895 478 1972 Equo
494 1912 562 1953 cum
577 1894 736 1967 audissem,
748 1895 871 1973 graviter
881 1914 946 1954 earn
957 1894 1102 1967 laborare,
1116 1915 1152 1955 ac
1166 1897 1214 1956 de·

119 1989 233 2068 plorata
252 2007 316 2047 esse
338 1985 514 2057 valetudine,
527 2006 627 2045 rursus
648 1986 712 2046 aliis
732 1986 856 2047 testibus
873 1986 1019 2058 adhibitis,
1034 1986 1077 2046 eis
1102 1989 1217 2049 ostendi

119 2092 153 2140 ut
166 2080 272 2140 affecta
284 2090 372 2151 esset,
389 2089 420 2138 et
432 2078 496 2139 istis
514 2079 687 2138 denunciavi
704 2089 738 2139 ut
755 2099 820 2139 earn
833 2089 977 2139 curarent.
1012 2080 1106 2139 Sexto
1119 2090 1216 2143 autern

120 2174 178 2243 die,
194 2182 350 2252 postquam
359 2171 406 2230 isti
420 2170 450 2228 in
465 2170 544 2229 aedes
559 2170 682 2250 ingressi
695 2171 820 2243 fuerant,
835 2170 907 2230 obiit
920 2171 1018 2231 nutrix
1030 2192 1108 2233 mea.
1143 2174 1216 2243 Quae

121 2280 153 2325 ut
171 2286 240 2326 vera
253 2286 319 2326 esse
337 2274 462 2335 constet,
476 2264 642 2324 testimonia
660 2265 743 2324 vobis
765 2258 975 2325 recitabuntur.

270 2567 287 2605 ⁶
541 2493 806 2553 TESTIMONIA.

120 2636 164 2694 Ea
176 2635 316 2693 defuncta
326 2634 543 2712 jureconsultos
559 2633 626 2707 adii,
640 2644 672 2693 ut
686 2654 894 2713 cognoscerem
907 2639 980 2718 quid
996 2658 1032 2699 ea
1050 2641 1123 2702 mihi
1136 2643 1173 2704 de
1186 2665 1217 2705 re

119 2728 284 2788 faciendum
292 2738 383 2794 esset,
396 2738 425 2786 et
439 2726 480 2785 eis
495 2746 611 2786 ornnem
626 2747 686 2786 rern
702 2738 815 2806 gestam
826 2733 958 2811 exposuI,
973 2733 1135 2795 adventum
1149 2738 1219 2799 isto·

118 2842 192 2893 rum,
207 2830 245 2890 et,
260 2819 494 2881 benevolentiam
508 2820 647 2893 mulieris,
662 2832 692 2879 et
709 2831 743 2880 ut
764 2842 828 2881 eam
849 2823 879 2882 in
901 2825 1015 2885 aedibus
1036 2827 1218 2909 habuissem,

117 2924 148 2976 et
161 2924 194 2975 ut
209 2924 325 2994 propter
337 2913 483 2995 cymbium
496 2922 640 2973 retentum
654 2914 786 2975 obiisset.
829 2916 884 2975 His
894 2918 1091 2996 jureconsulti
1111 2922 1219 2983 auditis

117 3029 165 3068 me
188 3008 414 3087 interrogarunt,
438 3016 572 3066 utrumne
594 3006 665 3064 mihi
680 3007 717 3066 de
731 3009 796 3085 jure
811 3008 956 3069 duntaxat
976 3014 1160 3090 responderi,
1179 3035 1218 3075 an

118 3103 205 3162 etiarn
229 3102 383 3162 consilium
405 3100 467 3160 dari
482 3100 605 3160 vellem?
626 3100 677 3159 Me
691 3102 888 3182 respondente
909 3113 1077 3185 utrumque,
1095 3109 1218 3187 proinde

117 3197 169 3256 tibi
182 3207 212 3254 et
224 3196 262 3255 de
272 3195 347 3274 jure,
362 3194 505 3272 inquiunt,
520 3193 771 3273 respondebimus,
785 3205 815 3254 et
834 3196 916 3255 utilia
929 3200 1138 3260 consulemus:
1159 3202 1218 3281 pri·

117 3308 197 3347 murn
211 3298 244 3347 ut
256 3289 286 3347 in
306 3286 453 3346 efferendo
467 3286 569 3345 funere
583 3286 697 3346 hastam
712 3288 863 3359 adhibeas,
874 3300 903 3347 et
914 3290 952 3348 ad
965 3291 1135 3370 sepulcrum
1151 3313 1218 3374 pro·

117 3380 237 3452 clames,
252 3381 276 3438 si
296 3380 361 3457 quis
382 3381 408 3438 ei
433 3379 470 3437 sit
492 3388 653 3457 cognatus;
677 3380 782 3441 deiude
802 3391 836 3440 ut
853 3383 1020 3461 sepulcrum
1035 3385 1073 3445 ad
1088 3387 1217 3448 triduum

116 3471 277 3532 custodias.
318 3471 394 3529 Haec
409 3470 461 3529 tibi
477 3470 645 3541 suademus,
661 3474 780 3550 quando
790 3475 852 3552 ipse
867 3494 927 3535 non
942 3475 1059 3548 affuisti,
1076 3480 1130 3538 sed
1146 3500 1219 3539 uxor

116 3564 259 3623 duntaxat
273 3572 303 3621 et
316 3562 400 3622 liberi
420 3562 472 3635 tui,
486 3562 592 3642 aliique
604 3575 694 3624 testes
708 3565 761 3624 tibi
774 3585 833 3625 non
848 3579 927 3639 sunt,
949 3578 981 3628 ut
1002 3570 1149 3631 neminem
1162 3593 1218 3633 no·

116 3656 248 3716 minatim
269 3656 352 3728 cites,
366 3656 418 3714 sed
440 3665 541 3715 sontes
565 3669 595 3716 et
615 3659 832 3719 interfectores:
856 3660 963 3722 deinde
988 3662 1028 3722 ad
1051 3684 1153 3744 regern
1178 3686 1216 3726 ne

116 3750 247 3818 deferas;
269 3768 365 3827 neque
388 3748 465 3807 enirn
490 3748 521 3807 id
544 3749 610 3829 Iege
630 3750 683 3810 tibi
704 3750 782 3812 licet.
825 3753 901 3811 Cum
924 3774 940 3814 e
961 3765 1012 3816 tua
1030 3756 1143 3818 familia
1157 3778 1217 3819 non

115 3843 202 3905 fuerit
223 3862 257 3902 ea
277 3841 389 3913 mulier,
403 3860 497 3918 neque
512 3841 628 3915 ancilla,
643 3844 667 3902 si
683 3844 724 3903 ita
739 3854 784 3902 est
802 3855 834 3904 ut
848 3856 879 3904 tu
899 3846 991 3906 dicis:
1014 3849 1094 3929 leges
1118 3862 1218 3911 autem

115 3936 249 4017 cognatis
263 3945 293 3995 et
307 3933 431 3994 dominis
446 3933 590 3992 actionem
604 3936 684 3995 dant.
728 3937 864 4009 Proinde,
884 3938 909 3997 si
930 3940 967 3999 ad
981 3940 1150 4001 Palladium
1167 3945 1217 4024 ju·

114 4030 186 4091 raris
209 4031 282 4110 ipsc,
306 4048 388 4099 uxor,
413 4027 504 4096 liberi,
525 4035 554 4085 et
577 4046 629 4088 vos
653 4029 852 4108 familiamque
877 4041 1004 4092 vestram
1029 4034 1216 4108 devoveritis,

115 4123 199 4182 multi
214 4133 244 4181 et
258 4123 340 4201 pejus
355 4120 391 4179 de
406 4129 434 4178 te
448 4119 671 4189 existimabunt;
695 4132 734 4193 et,
758 4123 782 4180 si
799 4122 839 4180 illi
854 4123 1054 4198 absolventur,
1070 4128 1217 4208 pejerasse

114 4227 143 4276 te
154 4219 309 4296 putabunt,
325 4217 370 4274 sin
385 4234 449 4274 reos
463 4216 620 4294 peregeris,
634 4215 744 4276 invidia
756 4225 785 4274 te
800 4218 945 4277 onerabis.
987 4220 1032 4277 Tu
1052 4240 1122 4280 vero
1137 4222 1216 4281 facta

114 4322 145 4369 et
168 4334 219 4390 pro
242 4322 269 4372 te
293 4322 322 4372 et
341 4330 395 4391 pro
415 4310 524 4370 familia
543 4310 710 4390 expiatione
732 4330 819 4390 quarn
840 4312 1008 4391 aequissImo
1027 4315 1126 4375 animo
1139 4315 1214 4376 ferto

107 4402 318 4477 calamitatem,
334 4404 402 4463 alibi
417 4414 524 4472 autem,
541 4403 632 4464 sicubi
647 4404 737 4474 voles,
752 4404 883 4483 injuriam
898 4405 1062 4465 ulcisceris.
