2708 4786
151 275 210 334 768
505 271 672 333 CONTRA
694 271 890 332 NEAERAM.

149 434 255 508 mo'que
271 426 462 508 jurejurando
483 426 564 501 dato,
585 447 654 489 cum
676 426 736 491 tale
759 438 874 508 tempus
890 435 921 487 et
941 426 1051 488 bellum
1074 427 1243 509 reipublicae

148 532 256 582 nostroe
278 520 442 593 incidisset,
455 519 559 600 inquo
572 521 597 581 si
611 518 792 594 vicissemus,
813 520 946 581 maximis
966 519 1139 581 Graecorum
1156 525 1244 585 nobis

147 634 213 675 esse
237 613 355 685 licebat,
369 621 399 672 et
421 612 495 673 citra
515 614 741 699 controversiam
765 622 827 672 tum
848 621 950 672 nostra
975 631 1158 693 recuperare,
1181 624 1243 677 tum

146 705 313 787 Philippum
335 704 493 778 debellare,
507 704 552 764 sin
566 725 649 784 opem
670 705 798 782 seguiter
816 704 993 777 tulissemus,
1005 714 1035 764 et
1048 705 1147 767 socios
1161 707 1243 769 dese·

146 799 313 870 miscemus,
326 809 445 878 propter
461 798 587 876 inopiam
599 797 731 878 pecuuiae
744 796 884 878 dissipato
897 795 1038 871 exercitu,
1048 800 1243 861 metuendum

144 900 287 965 essetne
300 891 355 951 hos
367 893 576 962 amitteremus,
596 901 628 951 et
641 910 659 950 a
671 891 777 951 ceteris
787 889 902 951 Graecis
915 889 1046 970 perfidiae
1062 900 1243 967 notaremur,¹

144 993 177 1045 et
195 984 233 1044 de
254 984 446 1063 reliquis-ut
465 983 587 1057 Lemno,
601 993 635 1042 ut
653 983 761 1055 Imbro,
774 992 809 1042 ut
823 982 924 1064 Scyro,
935 989 970 1042 ut
982 981 1242 1045 Chersoneso-in

143 1076 307 1157 periculum
320 1076 493 1149 veniremus,
510 1094 637 1156 cumque
655 1080 718 1147 vos,
732 1075 864 1135 omnibus
878 1074 989 1135 civibus
1008 1072 1135 1149 eductis,
1153 1096 1242 1157 expe·

143 1170 283 1230 ditionem
309 1178 340 1230 et
365 1169 404 1230 ad
428 1167 602 1250 Olynthum,
622 1178 652 1227 et
677 1167 709 1228 in
733 1167 877 1229 Euboeam
898 1167 1109 1242 instituissetis,
1128 1169 1243 1253 scripsit

141 1261 294 1323 decretum
314 1262 346 1321 in
367 1272 471 1322 senatu
485 1261 682 1341 Apollodorus
699 1269 825 1334 senator,
841 1270 871 1321 et
889 1259 1182 1323 senatusconsultum
1202 1252 1260 1323 ad⁸

141 1355 286 1436 populum
298 1354 415 1426 retulit,
428 1362 462 1413 ut
486 1353 627 1434 suffragia
646 1354 734 1413 leuet
752 1351 889 1433 populus,
913 1352 1078 1431 placeretne
1098 1353 1240 1434 reliquam

141 1447 326 1527 vectigalium
340 1448 493 1527 pecuniam
506 1466 571 1506 esse
585 1447 748 1518 militarem,
762 1465 799 1506 an
808 1445 998 1506 theatralem:
1018 1464 1086 1506 narn
1108 1457 1140 1507 et
1158 1447 1239 1528 leges

138 1542 291 1621 jubebant,
303 1539 375 1600 belli
398 1539 576 1619 temporibus
601 1539 735 1618 reliquias
755 1537 940 1616 vectigalium
959 1558 1025 1599 esse
1045 1538 1198 1614 militares,
1211 1549 1240 1600 et

139 1652 231 1712 penes
249 1632 391 1713 populum
406 1652 471 1693 esse
484 1642 618 1713 oportere
632 1633 764 1712 putabat,
776 1641 811 1690 ut
832 1630 858 1690 is
881 1630 918 1691 de
939 1630 999 1691 suis
1021 1651 1077 1692 suo
1099 1633 1240 1694 arbitratu

139 1735 292 1799 statueret,
305 1736 336 1784 et
343 1725 457 1805 jurarat
470 1745 502 1785 se
514 1725 626 1804 optima
638 1745 792 1785 suasurum
805 1745 869 1784 esse
883 1724 993 1804 populo
1003 1725 1237 1800 Atheniensium,

139 1828 174 1877 ut
185 1837 238 1876 vos
251 1837 352 1877 omnes
365 1836 400 1875 eo
414 1827 543 1896 ternpore
556 1818 657 1876 testati
670 1818 752 1876 estis.
794 1816 872 1876 Latis
890 1815 967 1875 cuim
982 1816 1138 1895 suffragiis,
1152 1837 1238 1879 nemo

137 1908 301 1987 refragatus
315 1919 369 1982 est,
383 1909 550 1988 quominus
565 1929 601 1970 ea
618 1909 745 1989 pecunia
753 1907 783 1966 in
799 1908 943 1987 stipendia
954 1908 1077 1968 militum
1091 1910 1237 1973 conferre·

138 2011 203 2069 tur;
225 2011 312 2080 atque
325 2000 414 2060 hodie
424 2000 522 2074 etiam,
533 2001 556 2060 si
571 2002 689 2080 quando
699 2002 808 2061 mentio
817 2001 928 2073 incidit,
938 2002 1116 2061 confitentur
1125 2022 1236 2079 omnes,

136 2112 204 2153 cum
217 2093 376 2154 rectissime
390 2093 521 2166 dixisset,
535 2093 633 2173 inique
646 2114 712 2154 cum
731 2114 768 2153 eo
785 2114 849 2154 esse
864 2106 971 2155 actum.
1015 2095 1062 2154 llli
1074 2094 1175 2175 igitur,
1187 2098 1235 2178 qui

136 2186 260 2247 Judices
282 2187 380 2247 verbis
410 2187 611 2258 circumvenit,
636 2184 820 2248 irascendum
843 2197 897 2256 est,
926 2206 985 2245 non
1018 2188 1234 2252 circumventis.

136 2277 215 2340 Nam
229 2279 396 2359 Stephanus
407 2278 439 2338 id
453 2279 601 2340 decretum
618 2279 791 2341 violatamm
803 2280 904 2359 legum
921 2298 1004 2339 reum
1016 2280 1097 2353 fecit,
1111 2293 1142 2343 et
1156 2285 1235 2345 calu·

135 2373 265 2433 mniaudi
277 2374 371 2452 gratia
384 2372 481 2433 lorum
493 2373 655 2453 ingressus,
667 2373 751 2435 falsis
765 2373 886 2434 testibus
896 2373 1059 2453 productis,
1069 2395 1140 2438 oum
1154 2389 1235 2442 extra

134 2485 254 2526 causam
276 2464 503 2537 declamitasset,
517 2466 667 2527 decretum
691 2466 849 2527 damnavit.
891 2467 959 2536 Quo
979 2469 1109 2546 perfecto
1127 2472 1153 2531 si
1171 2471 1233 2552 qui·

133 2577 233 2617 escere
246 2557 398 2629 voluisset,
411 2577 471 2616 uon
492 2558 617 2637 graviter
630 2558 791 2618 ferremus:
814 2558 868 2617 sed
888 2578 955 2618 cum
972 2559 1052 2620 litem
1066 2563 1234 2626 aestimaturi

132 2649 256 2709 ludices
270 2649 401 2709 calculos
416 2661 575 2723 sumerent,
585 2651 733 2710 orantibus
747 2651 844 2722 nobis,
856 2652 1011 2712 utveniam
1024 2654 1118 2729 daret,
1129 2659 1234 2734 noluit,

132 2741 185 2801 sed
199 2740 367 2819 qaindecim
385 2739 503 2800 talentis
526 2740 608 2800 litem
628 2742 793 2815 aestimavit,
810 2751 845 2801 ut
863 2742 1023 2804 honoribus
1037 2747 1167 2825 privaret
1189 2751 1231 2832 ip·

132 2854 209 2905 sum,
225 2847 255 2894 et
268 2834 375 2894 liberos
388 2834 464 2913 ejus,
485 2844 516 2894 et
528 2854 659 2895 sororem
676 2855 782 2909 meam,
803 2846 833 2895 et
845 2856 900 2897 nos
920 2839 1069 2900 universos
1083 2842 1122 2900 ad
1135 2852 1232 2905 extre-

131 2947 210 2988 mam
223 2927 349 3007 inopiam
366 2927 522 3007 redigeret,
537 2938 567 2988 et
586 2928 738 3009 penuriam
756 2931 885 2990 omnium
899 2952 1005 2991 rerum.
1047 2933 1124 2992 Nam
1146 2955 1192 2996 res
1205 2939 1232 2998 ei

99 3049 102 3055 ·
130 3041 190 3082 non
203 3023 320 3083 omnino
334 3022 420 3081 trium
435 3022 611 3082 talentorum
625 3031 707 3082 erat:
728 3032 888 3082 attentam
902 3025 1040 3085 mulctam
1056 3046 1116 3087 uon
1131 3041 1232 3107 posset

129 3115 252 3177 solvere.
277 3116 352 3185 Quae
366 3116 391 3176 si
405 3125 536 3175 extremo
550 3124 668 3176 senatus
681 3126 827 3177 conventu
840 3138 900 3177 non
915 3119 1084 3191 solveretur,
1098 3121 1233 3202 duplica·

128 3209 225 3283 batur,
246 3209 290 3269 ita
313 3220 347 3269 ut
370 3209 566 3289 Apollodorus
586 3209 790 3269 inscribendus
816 3221 895 3271 esset
915 3212 1035 3290 triginta
1053 3213 1231 3277 talentorum

128 3299 261 3361 debitor:
294 3321 353 3380 quo
366 3301 506 3380 inscripto
519 3303 548 3360 in
561 3302 694 3382 publicas
706 3303 832 3376 tabulas,
843 3324 889 3364 res
898 3305 1069 3384 Apollodori
1081 3307 1230 3369 familiaris

127 3390 316 3452 inscribenda
324 3393 390 3468 fuit,
400 3404 434 3452 ut
446 3394 612 3472 publicata:
635 3405 775 3455 eaautem
788 3396 946 3469 divendita,
957 3397 1080 3456 fortunis
1095 3402 1230 3465 omnibus

127 3483 222 3542 eversi
244 3503 385 3556 essemus,
399 3486 512 3565 etipse,
528 3499 559 3546 et
571 3486 654 3546 liberi
668 3487 741 3566 ejus,
756 3497 786 3548 et
798 3508 883 3563 uxor,
901 3510 955 3549 rios
970 3490 1097 3569 denique
1113 3512 1229 3557 omnes.

127 3575 230 3634 Altera
242 3584 384 3654 praeterea
397 3579 456 3638 filia
471 3590 595 3658 nuptum
609 3579 715 3640 elocari
735 3579 814 3640 haud
827 3582 980 3660 potuisset.
1013 3585 1088 3650 Quis
1103 3587 1182 3646 euim
1193 3589 1229 3648 ab

127 3665 228 3727 aerario
242 3676 271 3726 et
285 3687 378 3744 egeno
392 3669 554 3730 indotatam
569 3670 754 3751 accepisset?
810 3725 818 3741 γ

167 3764 197 3820 3.
220 3762 255 3819 Ιιι
269 3769 353 3820 tanta
365 3761 454 3840 igitur
467 3763 545 3823 mala
558 3784 611 3822 nos
627 3784 777 3845 nunquam
791 3765 880 3824 laesus
902 3787 919 3825 a
937 3768 1021 3828 nobis
1040 3770 1228 3847 conjiciebat.

125 3854 280 3914 iudicibus
290 3863 398 3929 autem,
407 3856 457 3934 qui
470 3864 531 3915 tum
541 3857 590 3936 jus
603 3857 749 3930 dixerunt,
758 3858 815 3919 hoc
825 3859 941 3938 quidem
952 3861 1078 3936 nomine,
1087 3883 1228 3944 magnam

124 3947 220 4009 habeo
244 3948 377 4028 gratiam,
391 3948 470 4028 quod
493 3968 560 4008 eum
584 3950 648 4009 tolli
670 3972 687 4012 e
710 3952 887 4012 medionon
910 3955 1050 4027 siverunt,
1072 3956 1126 4015 sed
1146 3958 1226 4018 litem

124 4041 235 4102 talento
248 4041 438 4115 aestimarunt,
450 4052 485 4102 ut
498 4063 576 4122 aegre
590 4054 691 4123 posset
703 4047 826 4107 solvere.
851 4047 929 4107 Huic
942 4047 1032 4128 igitur
1041 4049 1109 4128 jure
1123 4069 1225 4129 parem

122 4135 230 4195 referre
253 4137 376 4215 gratiam
395 4135 584 4196 instituimus.
627 4138 694 4198 Nec
716 4140 796 4200 enim
818 4139 874 4199 hac
897 4151 979 4219 parte
1003 4141 1149 4202 duntaxat
1171 4163 1225 4205 nos

123 4237 253 4288 evertere
267 4228 390 4304 studuit,
404 4231 454 4290 sed
471 4239 500 4289 et
514 4249 530 4289 e
544 4229 638 4308 patria
651 4229 729 4291 hunc
744 4233 847 4312 ejicere
857 4233 959 4292 voluit.
1002 4233 1128 4312 impegit
1146 4235 1224 4294 enim

121 4319 149 4377 ei
162 4320 269 4380 falsum
283 4323 403 4398 crimen,
417 4343 484 4383 eum
494 4321 629 4383 debuisse
644 4325 745 4384 serario
759 4327 797 4385 ab
812 4326 895 4385 anuis
914 4327 1043 4405 quinque
1062 4335 1093 4385 et
1110 4326 1223 4407 viginti,

118 4411 344 4495 profectumque
369 4417 526 4498 aliquando
550 4415 712 4495 Aphidnas,
727 4419 766 4478 ad
784 4419 938 4497 fugitivum
957 4420 997 4480 ihi
1019 4422 1220 4498 querendum,
