2662 4792
631 482 669 542 V.

362 664 431 738 AD
469 662 948 740 HERAOLEODORUM.

610 862 708 879 m

290 978 607 1041 DEMOSTHENES
628 976 974 1041 HERACLEODORO
998 975 1030 1035 S.

149 1162 234 1231 Qun
246 1161 316 1221 mihi
329 1162 515 1223 Menecrates
535 1163 693 1232 nunciavit,
708 1161 745 1221 iis
763 1181 819 1240 ego
834 1179 891 1221 nec
902 1157 1030 1219 tribuere
1049 1155 1138 1217 fidem
1150 1176 1197 1217 nce

109 1256 250 1335 abrogare
274 1274 405 1335 possum.
445 1255 528 1315 Dixit
552 1255 630 1316 enirn
650 1254 810 1335 Epitimnm
822 1254 859 1314 ab
875 1252 970 1311 Arato
983 1260 1015 1311 et
1027 1249 1158 1311 delatum
1173 1260 1198 1309 et

109 1347 270 1409 abductum
287 1368 353 1409 esse
366 1348 396 1408 in
410 1367 568 1422 carcerem,
582 1357 611 1408 te
624 1367 693 1408 vero
710 1365 833 1408 causam
844 1365 933 1427 agere
947 1354 977 1404 et
996 1343 1128 1404 omnium
1141 1362 1200 1403 essa

110 1442 284 1501 acerrimum
298 1440 362 1521 ejus
375 1440 501 1502 bostem.
541 1442 584 1501 Te
603 1440 692 1521 igitur
706 1439 877 1521 perderem
891 1436 1078 1517 Hospitalem
1091 1455 1200 1497 omnes

110 1553 169 1611 que
192 1533 266 1594 deos
290 1534 430 1606 obtestor,
443 1553 481 1593 ne
504 1552 594 1612 quarn
617 1532 688 1593 mihi
707 1531 872 1593 molestiam
893 1541 924 1592 et
946 1529 1080 1611 dolorem
1103 1530 1201 1610 pariae

111 1623 312 1707 Praeterquam
336 1627 414 1685 enirn
435 1626 516 1705 quod
539 1625 658 1706 Epitimi
677 1625 761 1686 salus
778 1623 850 1685 mihi
867 1643 945 1684 curae
959 1633 1017 1697 eat,
1029 1632 1061 1683 et
1080 1622 1202 1702 quodni

111 1716 183 1794 quid
196 1717 223 1775 ei
238 1717 387 1777 accideret
409 1737 549 1796 magnum
568 1718 715 1799 mihiipsi
735 1717 846 1778 malum
866 1716 930 1777 dari
950 1715 1112 1790 rideretur,
1124 1726 1204 1797 terque

109 1809 173 1889 ejus
188 1809 361 1871 calamitatis
376 1820 478 1873 auctor
491 1810 519 1870 ei
530 1830 621 1884 esses,
634 1812 759 1892 puderet
777 1830 825 1870 me
848 1810 937 1871 etiam
956 1828 1056 1870 eorum
1076 1811 1130 1890 qui
1140 1830 1204 1873 eon·

112 1902 166 1963 scii
178 1911 260 1973 sunt,
274 1903 345 1982 quid
358 1904 395 1963 ad
410 1923 513 1965 omnes
533 1902 666 1964 homines
682 1903 721 1964 de
742 1913 772 1964 te
789 1903 922 1977 dixerim,
942 1903 1070 1964 confisus
1084 1922 1134 1965 nne
1145 1923 1206 1967 vert

110 1997 202 2077 loqui,
215 2018 247 2058 re
268 2016 328 2057 non
352 1998 472 2079 quidem
495 2019 511 2058 e
534 1997 727 2058 familiaribus
745 1996 953 2076 congressibus
975 2004 1143 2075 comperta,
1158 1994 1207 2057 aad
1232 2016 1237 2035 ·

110 2092 192 2173 qnod
214 2100 245 2151 te
269 2100 301 2151 et
323 2092 498 2153 summitate
520 2089 677 2171 praeditum
696 2100 728 2151 et
746 2089 940 2151 eruditionem
963 2089 1134 2169 amplexum
1147 2108 1208 2151 aare

113 2185 258 2265 ridebam,
272 2203 339 2245 eam
352 2184 513 2264 praesertim
527 2204 594 2263 quoe
607 2184 638 2243 in
651 2184 755 2245 schola
767 2182 901 2243 Platonis
921 2180 1060 2255 traditur,
1072 2202 1141 2263 quse
1151 2200 1208 2243 orn·

113 2280 184 2347 nino
205 2280 243 2339 ab
258 2277 380 2339 avaritia
397 2287 431 2337 et
448 2277 586 2338 violentia
605 2278 778 2356 eaeterisque
792 2274 907 2337 callidis
921 2274 1055 2354 aucupiis
1067 2276 1208 2349 abhorret,

113 2372 154 2433 ad
167 2389 312 2443 summam
339 2378 437 2429 autem
456 2370 618 2430 bonitatem
632 2378 663 2429 et
679 2369 825 2450 justitiam
839 2368 937 2429 omnia
956 2369 1068 2430 refert:
1089 2389 1150 2449 qua
1160 2370 1209 2431 do-

113 2464 208 2525 ctrina
222 2461 274 2541 qui
286 2461 418 2522 eruditus
431 2473 487 2533 est,
506 2461 585 2533 huic,
599 2462 642 2521 ita
659 2481 707 2521 me
731 2460 771 2521 dii
789 2469 899 2534 ament,
913 2480 973 2521 non
991 2461 1092 2523 colere
1104 2462 1209 2543 simpli·

114 2576 178 2615 cern
192 2554 341 2613 veritatem
357 2553 431 2612 etin
445 2573 547 2612 omnes
563 2573 629 2613 esse
651 2554 786 2616 benefico
809 2556 893 2614 nefas
916 2574 982 2615 esse
1002 2555 1093 2616 duco.
1135 2557 1210 2623 Quin

112 2646 186 2707 illud
199 2645 287 2704 etiam
307 2645 543 2704 molestissimum
558 2647 628 2704 mihi
642 2658 736 2706 esset:
759 2648 784 2706 si
798 2667 906 2727 magno
919 2650 1132 2711 benevolentiae
1144 2672 1210 2731 erga

115 2749 144 2798 te
159 2739 243 2816 quasi
260 2737 371 2815 impetu
386 2738 561 2816 concitatus,
575 2749 689 2799 mutare
711 2741 888 2801 sententiam
908 2762 943 2801 ac
966 2743 1023 2801 alio
1046 2744 1077 2802 in
1098 2756 1126 2804 te
1150 2765 1210 2804 esse

116 2833 212 2892 animo
226 2850 357 2910 cogerer,
371 2831 476 2910 quibus
491 2832 578 2910 igitur
600 2833 629 2891 in
650 2836 736 2893 rebus
759 2855 806 2894 me
819 2835 991 2914 despectum
1004 2846 1035 2896 et
1049 2839 1211 2917 neglectum

115 2947 181 2987 esse
201 2938 313 3006 putem,
336 2926 391 2984 etsi
415 2946 475 2984 non
499 2926 609 2998 dixero,
625 2947 675 2986 eas
701 2939 799 2986 tamen
821 2928 862 2988 ita
880 2948 912 2988 se
933 2928 1083 2989 habituras
1103 2941 1211 3011 putato.

116 3022 205 3090 Quod
220 3021 244 3080 si
257 3040 312 3079 nos
333 3019 400 3079 ideo
419 3021 592 3095 contemnis,
615 3022 695 3100 quod
708 3023 839 3081 nondum
861 3043 877 3081 e
899 3022 1081 3102 principibus
1106 3044 1211 3097 sumus,

118 3117 227 3195 cogita,
242 3126 271 3173 te
293 3134 408 3192 qnoque
437 3115 504 3174 olim
534 3115 750 3175 adolescentem
771 3127 801 3175 et
820 3135 855 3176 ea
875 3135 934 3194 qua
947 3135 1001 3174 nos
1021 3127 1109 3176 aetate
1129 3118 1212 3178 modo

117 3229 219 3266 sumus
233 3208 335 3276 fuisse,
352 3218 381 3264 et
396 3208 525 3266 consiliis
540 3220 627 3288 atque
639 3208 803 3268 actionibus
817 3208 874 3266 tuis
889 3207 1055 3266 adtentum
1070 3209 1214 3288 fastigium

117 3300 321 3359 adscendisse.
363 3300 397 3356 ld
412 3299 491 3377 quod
505 3302 589 3361 nobis
604 3303 689 3361 etiam
701 3301 870 3380 contingere
883 3301 998 3381 poterit.
1041 3301 1120 3361 Nam
1138 3313 1214 3363 recta

116 3392 235 3469 quidem
249 3392 385 3450 voluntas
408 3392 502 3468 adest,
518 3393 566 3452 cui
585 3395 609 3452 si
632 3395 756 3453 fortunae
779 3395 945 3473 benignitas
965 3394 1152 3474 suffragetur,
1172 3416 1214 3456 res

117 3485 182 3563 ipsa
196 3483 301 3542 confici
316 3494 412 3561 queat.
455 3484 535 3543 Nihil
550 3497 648 3545 autern
661 3488 764 3546 melius
787 3489 926 3547 collocari
946 3497 1047 3565 potest
1066 3501 1145 3548 recte
1168 3490 1213 3548 tri·

117 3580 189 3637 bute
204 3574 316 3642 officim
339 3577 419 3654 quod
441 3586 471 3635 et
491 3588 523 3634 tu
538 3581 625 3638 nobis
639 3591 777 3659 praestare
793 3580 902 3640 debes:
924 3600 1018 3658 neque
1032 3581 1069 3640 ab
1084 3583 1144 3641 ullo
1159 3603 1213 3640 vae-

120 3671 209 3730 corde
223 3669 270 3728 vel
285 3668 389 3727 abduci
403 3669 432 3725 in
451 3668 580 3730 deterius
594 3672 640 3731 vel
655 3673 730 3732 vinci
754 3673 836 3743 velis,
850 3674 902 3732 sed
924 3673 989 3731 illos
1012 3683 1074 3732 tute
1094 3675 1122 3732 in
1138 3684 1213 3733 tuam

119 3764 271 3846 perducito
286 3762 480 3822 sententiam:
503 3764 599 3842 itaque
620 3776 648 3824 te
664 3768 757 3845 gerite
770 3777 803 3826 ut
818 3788 855 3825 ne
875 3767 975 3845 quide
990 3769 1083 3846 pactis
1098 3779 1128 3827 et
1147 3789 1214 3827 con-

119 3860 212 3919 ventis
227 3858 332 3915 nostris
347 3856 538 3927 desideretur,
550 3867 638 3936 utque
652 3860 794 3938 Epitimus
810 3861 942 3938 perieulis
952 3861 1089 3939 eripiatur
1103 3873 1133 3921 et
1146 3862 1214 3921 libc-

118 3963 208 4012 retur.
250 3951 347 4009 Adero
362 3960 459 4009 tantem
473 3950 578 4028 etipse
593 3971 628 4010 eo
640 3961 778 4030 ternpore,
792 3952 872 4030 quod
887 3962 918 4011 tu
932 3953 1139 4032 tempestivum
1154 3974 1213 4013 esse

120 4048 239 4109 dixeris.
283 4045 317 4103 ld
331 4046 419 4124 igitur
432 4043 501 4103 milri
515 4064 565 4123 per
579 4045 677 4105 literas
693 4047 834 4126 significa,
849 4046 896 4106 vel
917 4046 1004 4108 ctiam
1024 4068 1078 4126 pro
1092 4047 1215 4108 amicitia

122 4142 240 4216 impera.
281 4138 365 4203 Vale,
