2662 4792
125 268 185 327 628
418 269 634 332 ADVERSUS
656 266 923 332 LEOOHAREM.

169 424 217 483 11.
231 423 380 486 Defuncto
393 427 471 486 enim
485 426 636 500 Leocrate,
649 437 679 487 et
696 426 799 487 funere
815 425 843 486 ei
857 426 947 498 facto,
960 421 1046 484 nobie
1058 422 1089 482 ia
1101 440 1222 503 posses·

124 513 237 575 sionem
249 519 385 579 euntibus
397 530 552 601 propterea
563 521 642 600 quod
655 520 698 581 vir
716 519 765 579 ille
785 531 815 581 et
829 518 937 579 coelebs
955 527 986 577 et
1004 516 1093 576 orbus
1113 514 1219 575 decet·

123 607 221 681 sisset,
235 609 337 671 eduxit
350 632 404 673 nos
417 612 601 684 Leostratus‚
618 632 670 673 sua
691 632 756 673 esse
776 631 924 673 assereus:
946 629 979 670 ac
995 608 1075 689 quod
1090 627 1146 668 nos
1166 606 1217 667 de·

102 698 227 763 «functo
248 701 332 782 justa
362 707 528 785 persolvere
549 707 707 785 prohibuit,
733 724 800 765 cam
827 705 890 782 ipse
919 712 1001 782 pater
1023 700 1103 761 illius
1128 708 1217 772 esset,

124 795 342 855 excusationem
354 798 487 858 fortassis
501 799 600 871 habet,
615 817 782 879 quanquam
802 796 932 874 iniquum
953 804 1017 854 erat
1038 793 1070 852 id
1092 792 1217 852 facinus.

125 882 163 942 ui
182 885 260 945 enirn
284 890 334 967 qui
352 901 456 950 natura
482 901 566 971 pater
588 900 633 951 est
660 890 841 950 curationem
868 887 1001 947 mandari
1028 884 1140 945 funeris
1164 902 1219 963 par

124 984 189 1034 est:
210 977 318 1040 deinde
341 992 440 1042 tamen
464 984 551 1042 etiam
573 983 743 1043 necessariis
768 981 861 1053 nobis,
875 999 999 1058 quorum
1012 978 1127 1040 ratione
1146 976 1219 1036 ado·

124 1067 231 1145 ptiouis
252 1085 397 1152 cognatus
421 1085 483 1135 erat
502 1076 668 1136 defunctus.
718 1075 878 1153 Postquam
900 1084 997 1133 autem
1015 1077 1098 1148 justa
1119 1088 1218 1149 perso·

124 1157 187 1219 luta
199 1161 329 1242 fuerunt,
344 1186 403 1244 qua
415 1167 481 1247 lege
495 1169 640 1240 ostendet,
650 1189 691 1241 se,
703 1167 820 1227 deserta
833 1165 953 1238 familia,
962 1183 1018 1224 nos
1030 1180 1137 1245 genere
1150 1180 1218 1241 pro·

123 1249 217 1313 nimos
230 1256 375 1336 dejecisse
389 1261 497 1321 bonis?
518 1261 561 1321 Eo
573 1260 685 1321 scilicet
697 1258 777 1338 quod
797 1258 930 1318 defuncti
951 1266 1036 1337 pater
1057 1253 1137 1315 erati
1161 1254 1219 1313 At-

123 1343 173 1419 qui
186 1365 319 1408 reversus
333 1363 397 1410 erat
411 1352 440 1411 in
455 1361 605 1432 paternam
618 1353 767 1422 familiam,
780 1370 875 1429 neque
885 1354 947 1426 jam
961 1349 1024 1429 ejus
1043 1345 1219 1428 patrimonii,

123 1432 155 1494 in
168 1456 227 1515 quo
240 1441 397 1520 reliquerat
409 1443 510 1514 filium,
523 1446 669 1503 dominus.
711 1443 801 1509 Quod
814 1443 844 1500 ni
858 1442 899 1502 ita
912 1452 968 1513 est,
982 1460 1049 1520 quae
1062 1440 1161 1518 legum
1174 1446 1221 1497 est

123 1529 254 1590 utilitas?
276 1533 369 1593 Facta
391 1535 478 1613 igitur
501 1535 676 1614 dejectione,
690 1545 723 1593 ut
738 1533 861 1612 plurima
879 1534 1058 1605 omittamus,
1075 1530 1221 1592 actionem

124 1623 204 1701 apud
228 1635 383 1703 praetorem
402 1625 439 1686 de
452 1625 623 1687 haereditate
642 1625 829 1702 instituimus,
843 1644 910 1684 curn
931 1642 1028 1701 neque
1052 1632 1167 1694 natura,
1187 1631 1221 1681 ut

125 1711 196 1786 dixi,
210 1715 287 1776 ullus
302 1728 381 1778 esset
395 1718 535 1777 defuncto
548 1717 637 1788 filius,
651 1736 746 1796 neque
760 1716 879 1796 adoptio
892 1717 973 1776 facta
986 1717 1112 1794 legibus.
1148 1715 1222 1776 Post

124 1801 191 1864 haec
205 1806 374 1868 Leostratus
389 1819 571 1869 sacramento
585 1817 687 1881 certat,
702 1826 837 1867 asserens
855 1827 887 1867 se
896 1807 974 1866 illius
986 1806 1141 1867 Archiadae
1155 1824 1221 1867 esse

125 1895 226 1972 lilium,
237 1919 333 1979 neque
346 1902 478 1980 cogitans
493 1902 539 1962 vel
550 1922 581 1962 se
593 1900 705 1961 redisse
716 1901 746 1958 in
757 1899 929 1971 Eleusinios,
940 1900 986 1958 vel
997 1898 1151 1979 adoptivos
1161 1918 1221 1959 non

125 1986 206 2067 ipsos
227 2010 245 2050 a
268 1994 443 2073 semetipsis,
464 1994 518 2054 sed
546 1995 582 2053 ab
605 1993 813 2072 adoptantibus
836 1993 995 2052 constitui:
1015 2012 1117 2052 verum
1137 1990 1221 2066 illud,

125 2081 237 2160 opinor,
252 2086 369 2146 omnino
387 2086 418 2145 in
436 2087 565 2146 animum
584 2085 737 2146 induxerat
758 2105 853 2157 suum,
874 2094 1007 2164 oportere
1032 2104 1064 2144 se
1084 2104 1143 2164 quo
1157 2084 1223 2165 jure

125 2193 241 2254 quaque
255 2178 360 2258 injuria
373 2190 510 2261 appetere
524 2180 628 2240 aliena.
669 2179 714 2240 Aa
732 2179 858 2259 primum
875 2177 906 2237 in
927 2177 1139 2258 Otryncnsium
1151 2196 1222 2239 cou-

125 2268 270 2332 cionalem
282 2274 413 2333 tabulam
434 2293 466 2332 se
489 2272 653 2344 inscribere,
670 2292 738 2333 cum
760 2281 840 2333 esset
859 2269 1036 2338 Eleusinios,
1052 2272 1223 2346 conabatur,

126 2364 215 2444 idque
232 2368 424 2446 procurabat:
446 2367 551 2426 deinde
568 2366 738 2446 priusquam
758 2364 789 2423 in
806 2365 985 2443 Otryneuses
1004 2363 1113 2424 relatus
1133 2374 1222 2439 esset,

125 2460 274 2538 particeps
291 2479 355 2519 esse
375 2458 513 2518 studebat
535 2460 732 2519 communium
752 2476 858 2528 rerum,
872 2465 1045 2534 tantumque
1065 2455 1222 2536 designare

127 2552 245 2611 facinus
263 2551 429 2629 impellente
443 2550 562 2609 avaritia
575 2550 756 2610 instituebat.
800 2549 866 2617 Quo
880 2567 934 2608 nos
950 2547 1167 2623 animadverso,
1178 2550 1222 2610 la·

127 2653 205 2703 ctum
220 2642 251 2701 id
264 2641 390 2701 testibus
404 2641 539 2700 adhibitis
554 2642 771 2722 prohibuimus:
792 2641 976 2719 postulantes
999 2655 1032 2701 ut
1052 2640 1222 2703 haereditate

126 2734 207 2815 prius
225 2733 302 2811 apud
318 2753 371 2792 vos
387 2733 608 2812 disceptaretur,
624 2753 712 2812 quam
726 2733 765 2792 ad
779 2733 933 2792 Archiadae
947 2752 1055 2793 nomeu
1070 2736 1222 2814 quisquam

127 2828 324 2907 adoptaretur.
365 2824 532 2885 Prohibitus
551 2837 659 2899 autem,
674 2835 704 2884 et
717 2825 885 2904 injuriarur'n
898 2836 929 2885 et
943 2825 981 2885 ad
999 2827 1132 2886 tabulam
1147 2839 1178 2888 et
1193 2829 1221 2887 iu

126 2923 191 2982 foro
205 2920 426 2999 magistratuum
443 2920 604 2994 convictus,
619 2939 716 2981 coram
731 2919 840 2991 multis,
855 2918 926 2977 nihil
939 2920 968 2979 vi
986 2919 1136 2998 agendum
1155 2941 1222 2981 ceu·

128 3015 197 3088 suit,
210 3034 278 3074 cum
297 3033 329 3074 se
348 3012 452 3074 vestris
475 3013 590 3092 legibus
614 3012 774 3075 calliditate
798 3021 829 3072 ct
851 3012 955 3093 opibus
971 3013 1032 3072 fore
1047 3014 1222 3094 superiorem

27 3182 31 3190 ι
128 3117 269 3188 speraret.

171 3202 219 3258 lu.
229 3199 301 3277 Ejus
315 3199 357 3257 rei
370 3211 572 3277 argumentum
582 3199 730 3278 quodnam
744 3199 807 3260 esti
833 3200 1008 3261 Convocatis
1018 3201 1121 3279 paucis
1135 3203 1222 3283 Otry-

126 3294 269 3354 nensibus
282 3302 313 3352 et
325 3292 440 3351 tribuno
451 3295 544 3373 plebis
554 3293 723 3373 persuadet,
737 3314 804 3353 cum
817 3294 916 3353 album
930 3305 1062 3373 apertum
1079 3296 1177 3369 fuerit,
1190 3306 1223 3356 ut

126 3386 318 3446 inscribatur:
340 3403 374 3443 ac
387 3398 491 3462 postea
504 3386 584 3444 venit
601 3386 632 3445 in
653 3387 765 3465 magnis
779 3386 986 3447 Panathenaeis
1011 3390 1065 3448 sub
1086 3390 1222 3449 distribu-

125 3479 233 3538 tionem
247 3476 286 3534 ad
299 3475 469 3534 theatralem
483 3478 656 3556 pecuniam3
677 3498 802 3555 cumque
816 3478 864 3537 alii
881 3479 1035 3558 populares
1048 3481 1224 3559 acciperent,

125 3570 247 3651 petebat
262 3576 296 3626 ut
308 3579 338 3626 et
351 3565 405 3624 sibi
418 3567 545 3641 daretur,
560 3579 649 3647 utque
664 3569 694 3627 in
708 3569 807 3628 album
821 3571 937 3629 nomine
949 3571 1105 3630 Archiadae
1119 3572 1223 3630 inscri-
1238 3572 1241 3577 '

124 3666 251 3724 beretur.
294 3658 369 3716 Cum
390 3679 531 3720 veronus
553 3661 785 3732 testificaremur,
806 3671 836 3720 et
859 3681 918 3720 non
940 3663 1093 3722 ferendum
1112 3664 1143 3723 id
1157 3684 1224 3725 esse

127 3754 176 3816 alii
195 3753 336 3821 dicerent,
355 3750 425 3808 abiit
448 3771 504 3812 nec
527 3753 683 3832 inscriptus
708 3772 763 3812 nec
787 3753 921 3812 theatrali
945 3765 1068 3834 accepta
1088 3758 1223 3835 pecunia.

127 3850 204 3908 Eum
218 3846 307 3925 igitur
319 3842 370 3921 qui
390 3853 494 3905 contra
507 3844 659 3904 decretum
672 3857 802 3905 vestrum
815 3846 986 3906 theatralem
999 3850 1157 3927 pecuniam
1171 3870 1224 3929 po-

126 3942 228 4013 stulat,
248 3939 416 4019 priusquam
436 3937 466 3994 in
487 3937 667 4017 Otrynenses
691 3939 875 4009 inscribatur,
890 3940 914 3998 si
937 3940 1056 4002 alterius
1075 3943 1226 4025 municipii

126 4038 174 4108 sit,
188 4054 247 4094 non
260 4029 369 4112 putatis
380 4028 580 4089 haereditatem
593 4040 697 4091 contra
710 4033 790 4111 leges
802 4033 982 4111 petiturum?
1014 4034 1069 4094 Est
1077 4056 1146 4096 vero
1160 4057 1226 4097 cre·

125 4128 225 4200 dibile,
243 4125 293 4205 qui
309 4133 370 4182 tam
383 4119 499 4200 iniquas
512 4122 721 4201 prerogativas
736 4124 775 4183 ad
788 4124 961 4202 explendam
976 4126 1128 4187 avaritiam
1140 4148 1225 4189 suam

125 4215 304 4294 antejudicii
318 4212 514 4292 cognitionem
530 4213 658 4287 molitur,
671 4235 738 4275 eum
758 4235 849 4276 causa
867 4216 940 4276 nitit
971 4217 1114 4297 Numqui
1133 4241 1225 4300 pecu·

126 4312 203 4369 niam
213 4308 384 4370 theatralem
397 4305 495 4386 inique
509 4308 676 4388 postulavit,
690 4309 713 4368 is
729 4310 766 4369 de
779 4309 952 4372 haereditate
966 4312 1103 4372 nimirum
1119 4316 1224 4377 eodem

122 4412 168 4461 est
184 4401 291 4462 animo.
334 4399 413 4469 Quin
432 4410 583 4480 praetorem
609 4400 696 4461 etiam
722 4402 836 4464 actione
857 4422 894 4463 ex
913 4423 1022 4483 sponso
1045 4403 1176 4487 decepit,
1195 4418 1224 4468 et
