2662 4792
352 266 519 327 CONTRA
540 268 892 333 DlONYSODORUM.
1112 270 1174 329 736

72 432 107 481 ct
116 420 237 481 mulctis
258 440 332 500 quas
348 423 402 503 ipsi
419 425 451 483 in
474 442 506 483 se
520 431 693 493 statuerant,
707 423 734 481 si
754 423 826 501 quid
848 422 1014 495 violassent,
1027 421 1176 501 neglectis

68 512 138 573 item
151 514 270 593 legibus
282 516 393 587 restris,
406 536 474 595 qum
482 516 589 596 jubent
598 515 789 575 navicularios
803 526 835 575 et
843 526 976 575 vectores
991 514 1021 573 in
1034 534 1105 575 eum
1118 535 1174 595 ap·

68 606 177 685 pellere
191 618 351 668 mercatum
365 609 403 669 de
416 629 475 688 quo
494 610 570 669 inter
583 609 663 688 ipsos
682 610 861 681 convenerit,
882 609 929 669 sin
943 608 1025 668 aliter
1038 608 1175 683 iecerint,

69 700 207 759 maximis
221 702 315 761 teneri
328 702 431 781 poenis.

109 796 140 851 4.
151 792 228 865 Nos,
242 814 310 853 cum
329 795 452 873 primum
465 794 496 853 id
511 795 621 854 lactum
635 793 810 864 audivimus,
823 813 860 853 ea
878 813 909 853 re
932 791 1070 873 perculsi,
1085 792 1174 853 istum

67 896 201 947 totarum
219 887 391 947 insidiarum
413 887 604 948 architectum
623 887 824 957 convenimus,
845 886 1044 963 indignantes,
1066 898 1101 947 ut
1121 908 1175 967 par

68 988 125 1051 eat,
137 988 170 1039 et
186 990 402 1057 conquerentes
416 1001 480 1052 nos,
495 1000 561 1039 cum
575 981 606 1039 in
623 979 759 1058 pactione
774 979 870 1039 verbis
885 980 992 1057 apertis
1010 978 1176 1058 pepigisse·

68 1088 147 1141 mus,
161 1092 201 1131 ne
222 1073 306 1131 navis
324 1092 448 1152 usquam
472 1072 529 1131 alio
552 1092 640 1149 quam
659 1071 794 1131 Athenas
814 1071 983 1150 appelleret,
995 1090 1088 1149 eaque
1103 1092 1174 1131 con-

68 1162 182 1223 ditione
204 1164 362 1243 pecuniam
381 1164 617 1235 credidissemus,
637 1164 675 1223 ab
697 1183 734 1223 eo
757 1164 787 1222 in
810 1163 1004 1242 suspicionem
1027 1162 1175 1224 adductos

69 1256 150 1335 apud
174 1274 228 1315 eos
250 1256 301 1334 qui
323 1275 376 1314 nos
396 1255 539 1314 criminari
561 1255 671 1314 vellent
692 1266 723 1315 et
745 1254 851 1324 dicere,
867 1275 920 1315 nos
943 1275 1061 1333 quoque
1080 1256 1173 1316 luisse

69 1348 169 1409 socios
187 1348 327 1407 immenti
346 1347 484 1407 Rhodum
506 1349 591 1419 vecti,
614 1349 739 1425 graviter
756 1349 895 1419 serentes,
914 1350 992 1427 quod
1015 1366 1120 1406 navem
1141 1350 1174 1407 in

69 1450 207 1501 nostrum
220 1451 392 1511 mercatum,
406 1451 438 1500 ut
451 1441 531 1519 pacti
546 1451 655 1513 essent,
668 1461 728 1500 non
742 1441 959 1519 perduxissent.
988 1441 1063 1500 Cum
1073 1453 1174 1502 autem

69 1532 110 1593 de
122 1533 297 1613 syngrapha
309 1546 340 1593 et
352 1534 462 1608 dejure
478 1533 655 1611 disputando
668 1533 740 1591 nihil
754 1534 970 1612 proficeremus,
990 1533 1093 1593 saltem
1108 1554 1174 1594 run·

69 1634 155 1687 mum
169 1638 202 1685 et
214 1646 322 1685 usuras
336 1628 373 1687 ab
384 1626 464 1685 initio
477 1626 637 1704 promissas
651 1627 742 1686 reddi
748 1627 830 1686 nobis
844 1626 1068 1706 postulavimus.
1111 1629 1175 1689 lste

69 1730 171 1781 utem
184 1720 227 1778 ita
240 1719 398 1778 insolenter
411 1719 565 1779 nobiscum
575 1719 645 1798 egit,
659 1731 693 1779 ut
706 1740 810 1779 usuras
824 1721 854 1779 in
868 1721 1039 1800 syngrapha
1047 1723 1176 1801 scriptas

71 1830 105 1873 aa
126 1812 268 1873 daturum
295 1823 435 1891 negaret:
468 1814 492 1871 si
527 1824 624 1872 autern
647 1812 745 1883 vultis,
770 1814 873 1891 inquit,
900 1815 1033 1893 accipere
1058 1828 1172 1894 partem

71 1924 200 1966 uenam
211 1906 418 1983 navigationis,
432 1905 510 1964 dabo
523 1906 605 1964 vobis
620 1924 723 1964 usuras
737 1904 874 1963 Rhodum
885 1926 990 1984 usque,
1002 1905 1097 1985 plures
1110 1928 1174 1969 non

72 1996 168 2066 dab03
194 1997 237 2057 sio
258 1998 322 2075 ipse
339 1998 394 2057 sibi
417 1998 498 2077 leges
519 1999 678 2067 sanciebat,
700 1997 803 2057 nonin
818 1999 986 2076 syngrapha
1004 2001 1174 2078 perscriptis

72 2090 289 2151 conditionibus
302 2093 434 2169 parebat.
472 2091 513 2149 Ut
526 2110 594 2151 vero
604 2110 657 2149 nos
672 2091 743 2149 nihil
756 2092 877 2149 istorum
892 2111 1083 2151 concessuros
1098 2094 1171 2154 dixi·

73 2201 151 2256 mus,
163 2194 346 2264 reputantes,
362 2184 386 2243 si
400 2185 430 2242 id
445 2184 619 2255 faceremus,
631 2183 724 2242 visum
738 2182 771 2242 iri
785 2195 815 2241 et
834 2203 888 2241 nos
904 2183 1042 2241 Rhodum
1056 2186 1173 2245 vexisse

74 2276 265 2348 frumentum,
278 2278 371 2356 magis
386 2278 474 2336 etiam
489 2277 617 2335 instabat
637 2275 692 2335 iste
714 2276 871 2352 multisque
892 2276 1017 2335 testibus
1034 2277 1176 2341 adhibitis

74 2372 245 2443 accedebat,
269 2380 457 2449 separatum
481 2388 547 2428 esse
572 2369 673 2429 dicens
694 2369 733 2427 ad
753 2367 936 2427 reddendam
960 2380 990 2427 et
1012 2380 1118 2430 sortem
1141 2382 1173 2433 et

73 2484 178 2527 usuras
192 2464 331 2525 Rhodum
353 2484 458 2544 usque,
472 2484 531 2522 non
545 2464 628 2542 quod
648 2460 678 2523 in
694 2464 791 2523 animo
804 2462 933 2535 baberet,
945 2462 1076 2535 ludices,
1088 2464 1173 2544 quic·

75 2576 162 2637 quarn
174 2558 311 2630 reddere,
324 2558 375 2616 sed
397 2556 477 2636 quod
491 2556 676 2616 existimabat
689 2576 743 2615 nos
758 2556 910 2635 pecuniam
925 2576 984 2615 non
999 2568 1175 2637 accepturos

76 2650 114 2711 ad
126 2652 274 2713 vitandam
290 2650 493 2730 suspicionem.
535 2650 626 2728 quue
645 2670 691 2709 res
705 2650 769 2728 ipsa
783 2650 950 2709 declaravit.

115 2746 147 2803 5.
167 2742 329 2822 Postquam
352 2743 439 2813 enim,
454 2742 661 2815 Athenienses,
681 2754 842 2803 vestrorum
857 2743 964 2802 civium
979 2744 1107 2823 quidam,
1120 2746 1172 2824 qui

77 2835 267 2899 imtefortuna
286 2840 510 2908 intervenerant,
525 2840 610 2898 nobis
624 2840 789 2899 suadebant
807 2850 839 2898 ut
860 2840 939 2916 quod
958 2840 1074 2900 daretur
1094 2843 1174 2903 acci·

79 2948 220 3009 parsurm,
234 2932 273 2992 de
296 2931 501 2991 controversiis
526 2930 555 2989 in
576 2931 720 3010 judicium
746 2931 922 3000 veniremus,
945 2951 1048 2993 usuras
1072 2944 1172 2993 autem

81 3020 207 3085 Rhodias
220 3043 280 3084 non
298 3024 515 3083 admitteremus
538 3024 633 3083 don'ec
648 3023 791 3102 judicium
810 3024 903 3093 fieret,
917 3042 971 3081 nos
995 3023 1047 3083 illa
1063 3043 1170 3083 conce·

82 3114 229 3187 debemus,
242 3138 302 3177 non
316 3117 419 3196 ignari,
431 3116 563 3185 ludices,
577 3116 649 3197 quid
670 3136 706 3174 ex
720 3114 887 3195 syngrapha
907 3114 991 3173 nobis
1006 3114 1173 3189 deberetur,

84 3206 131 3269 aad
141 3212 341 3271 existimantes
356 3210 454 3269 damni
468 3210 575 3287 aliquid
591 3208 756 3269 laciendum
767 3219 798 3267 et
807 3205 1028 3267 concedendum
1042 3228 1119 3279 esse,
1132 3228 1171 3270 ne

85 3298 143 3363 lias
153 3304 236 3383 sequi
250 3304 431 3363 videremur:
453 3304 507 3362 sed
518 3304 582 3375 iste,
594 3313 627 3362 ut
642 3322 696 3361 nos
706 3302 744 3363 ad
757 3322 817 3362 rem
832 3302 973 3361 accedere
988 3302 1069 3375 vidit,
1079 3303 1174 3367 tollite

87 3390 173 3473 igitur,
185 3397 289 3477 inquit,
304 3395 511 3476 syngrapham.
536 3396 599 3455 Nos
613 3394 767 3456 tollamus?
787 3413 842 3453 nos
852 3394 924 3452 nihil
936 3394 1030 3453 minus
1041 3396 1173 3459 facturos

89 3489 303 3567 respondemus:
318 3489 372 3548 sed
385 3488 465 3566 qnod
479 3487 516 3547 ad
531 3508 665 3548 nummos
677 3489 824 3559 attineret,
837 3486 918 3565 quod
937 3487 1083 3561 redderet,
1097 3488 1174 3549 anti·

10 3649 12 3659 Ι
90 3592 212 3655 araturos
225 3602 324 3643 coram
344 3582 487 3641 mensario
501 3582 706 3661 syngrapham,
720 3581 885 3639 universam
900 3590 997 3641 autem
1014 3602 1074 3642 non
1096 3584 1172 3642 nnti-

10 3688 12 3705 ¹
91 3684 222 3749 araturos,
235 3686 392 3753 antequam
405 3674 443 3733 de
457 3674 659 3733 controversiis
674 3673 973 3750 disceptatum'esset.
1015 3674 1082 3741 Quo
1092 3675 1171 3733 enim

89 3764 216 3848 juraque
229 3768 435 3829 controversiae
450 3767 630 3827 firmamento
644 3767 811 3836 niteremur,
824 3764 883 3823 sive
898 3765 936 3824 ad
951 3766 1100 3835 arbitrum,
1110 3766 1171 3825 sive

94 3854 253 3937 adjudicent
273 3872 389 3921 ventum
409 3870 502 3931 esset,
520 3859 689 3938 syngrapha
710 3857 835 3929 sublata,
850 3859 880 3917 in
902 3878 960 3937 qua
979 3858 1172 3917 fundamenta

95 3954 170 4012 utri
186 3954 261 4035 juris
280 3954 337 4013 sita
349 3952 468 4011 essent?
499 3952 572 4012 llaec
596 3951 680 4010 nobis
702 3951 878 4027 dicentibus,
892 3950 1095 4017 Athenienses,
1109 3960 1139 4009 et
1152 3966 1173 4007 a

96 4034 280 4125 Dionysodoro
301 4046 469 4125 petentibus
493 4066 531 4103 ne
556 4043 751 4124 syngrapham
771 4052 977 4112 commoveret,
991 4060 1046 4101 nec
1059 4040 1169 4101 irritam

96 4124 184 4197 haeret
196 4158 282 4219 quarn
296 4146 328 4197 et
346 4136 397 4215 ipsi
411 4150 502 4197 ratam
516 4135 689 4197 habuissent
700 4148 732 4196 et
745 4136 977 4201 confirmassent,
988 4131 1041 4190 sed
1055 4140 1172 4193 tanturn

98 4228 209 4297 annia
221 4240 363 4309 quantum
385 4229 448 4307 ipse
463 4228 616 4287 obtulisset
631 4228 775 4297 redderet,
791 4228 828 4286 de
848 4223 1053 4286 controversiis
1070 4236 1170 4287 autem

99 4330 194 4389 araus
207 4342 272 4383 esse
287 4341 351 4393 nos,
365 4322 425 4379 sive
439 4322 489 4380 uni
504 4322 564 4379 sive
585 4320 716 4399 pluribus
737 4321 801 4399 ipse
815 4317 903 4377 vallet
923 4318 954 4375 in
974 4326 1105 4375 mercatu
1121 4320 1169 4399 ju·

98 4404 187 4475 *litim
198 4417 375 4495 perrrrittere,
390 4416 535 4475 recusavit
550 4414 772 4495 Dionysodorus
788 4410 894 4477 orrrnia,
913 4422 952 4477 et,
967 4428 1034 4467 cum
1048 4426 1176 4491 syngra-
