2662 4792
119 258 179 317 672
447 255 489 315 ΙΝ
511 256 864 317 OLYMPIODORUM.

115 413 239 473 alteras:
260 423 290 472 et
303 412 366 471 hoec
377 424 446 471 sunt
460 432 524 490 quae
538 424 658 491 uterque
670 424 802 472 nostrum
812 408 924 472 habuit.
967 408 1001 469 In
1015 417 1100 488 parte
1110 418 1208 469 autem

116 506 316 587 Olympiodori
329 526 405 567 unus
420 506 474 565 fuit
488 526 504 565 e
519 506 702 585 seplasiariis,
717 526 803 585 quem
819 506 874 565 sibi
886 502 1057 564 fidissimum
1076 522 1143 564 esse
1155 524 1209 583 pu·

114 600 197 659 tabat
218 600 341 658 Conon:
361 620 468 660 nornen
482 599 591 659 homini
604 610 650 659 est
665 599 811 660 Moschio.
855 600 884 658 ls
903 597 1030 657 famulus
1043 606 1132 655 norat
1143 615 1209 655 cum

114 702 221 751 caetera
235 692 294 751 fere
309 692 438 752 Cononis
451 692 558 763 omnia,
567 702 628 751 tum
641 692 692 751 ubi
705 693 863 771 repositum
876 700 1030 768 argentum
1041 697 1123 749 esset
1132 689 1209 768 quod

114 783 193 842 domi
205 783 347 844 habuerat
361 785 475 845 Conon.
503 788 550 844 Ac
565 786 691 845 latuerat
704 805 775 844 sane
788 784 939 845 Cononem
953 792 1099 861 proveotae
1113 782 1208 842 aetatis

113 874 259 935 hominem
273 886 303 936 et
318 877 367 956 qui
391 878 479 937 fidem
501 876 542 936 illi
556 876 687 949 haberet,
700 877 782 935 illum
801 896 916 936 servum
933 874 1145 934 Moschionem
1159 894 1209 953 pe-

113 968 229 1027 cuniam
257 970 399 1030 suffurari.
450 971 580 1030 Primum
603 969 692 1049 igitur
716 970 743 1029 ei
771 970 930 1030 sustulerat
950 968 1029 1027 mille
1056 967 1209 1027 drachmas

113 1061 231 1121 seorsim
245 1063 355 1142 positas
369 1082 386 1122 a
406 1062 524 1142 reliquis
538 1065 674 1134 nummis,
689 1063 795 1123 deinde
809 1062 880 1123 alias
894 1061 1084 1141 septuaginta
1098 1059 1209 1121 minas:

112 1162 143 1211 et
155 1152 220 1213 haec
233 1154 298 1232 ejus
317 1155 451 1216 facinora
464 1157 567 1216 Conon
583 1155 662 1215 haud
673 1155 931 1224 animadverteram
951 1155 1041 1232 idque
1056 1164 1210 1233 argentum

114 1265 200 1305 omne
214 1247 302 1307 homo
315 1249 344 1307 in
364 1259 467 1329 suopte
487 1259 633 1329 potestate
651 1249 789 1308 habebat.
828 1248 898 1331 Non
912 1248 1003 1307 multo
1018 1256 1118 1306 autem
1136 1256 1210 1325 post,

114 1337 248 1411 Judices,
263 1360 351 1418 quam
366 1361 420 1400 nos
439 1344 518 1402 bona
531 1341 727 1411 diviseromus,
741 1351 805 1401 orta
818 1349 864 1402 est
876 1341 1005 1420 suspicio
1025 1339 1162 1418 quaedam
1173 1339 1211 1399 de

115 1429 167 1490 illo
191 1431 308 1492 homine
333 1453 437 1513 resque
461 1435 651 1495 animadverti
670 1433 768 1513 coepit.
810 1434 855 1491 Ex
877 1452 913 1492 ea
932 1431 1097 1512 suspicione
1118 1431 1210 1491 risum

114 1523 185 1582 mihi
199 1523 255 1584 suit
278 1534 309 1584 et
323 1526 533 1606 Olympiodoro
547 1528 738 1605 quaestionem
755 1544 820 1585 esse
839 1526 876 1585 de
899 1526 1014 1584 homine
1035 1523 1210 1584 habendam.

113 1618 187 1677 Tum
200 1620 299 1694 homo,
313 1621 443 1691 ludices,
463 1621 527 1701 ipse
545 1621 583 1681 de
602 1641 634 1681 se
655 1621 793 1681 indicium
814 1619 884 1680 fecit
905 1621 1076 1698 priusquam
1094 1629 1210 1698 torque·

112 1722 202 1783 retur,
210 1720 249 1771 'se
262 1713 341 1772 mille
360 1714 515 1773 drachmas
536 1713 652 1772 Cononi
671 1711 855 1792 surripuisse,
874 1721 904 1772 et
916 1712 995 1791 apud
1009 1732 1043 1771 se
1058 1731 1124 1771 esse
1138 1711 1211 1771 dixit

113 1804 253 1881 quicquid
278 1816 482 1883 consumptum
505 1823 562 1863 non
584 1816 683 1864 esset:
705 1805 742 1864 de
763 1807 872 1882 majore
893 1814 990 1862 autern
1008 1803 1143 1882 pecunioe
1157 1822 1210 1861 uu·

112 1915 192 1954 mero
207 1907 267 1955 tum
281 1896 398 1954 omnino
413 1896 513 1956 tacuit.
550 1896 588 1955 Et
602 1897 756 1956 drachmas
770 1897 884 1956 circiter
900 1905 1054 1955 sexcentas
1074 1895 1210 1955 reddidit.

113 1987 210 2066 Hujus
233 1987 367 2066 pecunia,
389 1998 423 2046 ut
436 2007 490 2066 pro
505 1987 575 2046 data
594 2000 695 2047 mutuo
714 1988 772 2045 fide
792 1997 822 2045 et
840 2007 876 2046 ex
894 1986 988 2064 pactis
1003 1987 1084 2066 apud
1097 1987 1209 2046 Andro-

111 2080 217 2139 clidem
232 2080 305 2151 sitis,
319 2091 353 2138 ut
373 2091 402 2139 et
417 2082 529 2160 justum
544 2091 574 2138 et
587 2099 702 2159 aequum
714 2089 785 2151 erat,
805 2078 954 2139 semissem
969 2098 1026 2156 ego
1039 2080 1152 2158 accepi,
1165 2098 1208 2139 se-

111 2173 228 2232 missem
240 2173 477 2252 Olympiodorus.

152 2271 182 2325 4.
204 2267 271 2325 Non
286 2267 377 2325 multo
396 2276 463 2345 post
478 2285 515 2325 ex
529 2287 564 2326 ea
579 2267 743 2345 suspicione
763 2265 801 2324 de
816 2284 899 2324 servo
914 2276 944 2323 et
959 2264 1086 2343 pecunia
1098 2262 1209 2323 reddita.

111 2359 202 2418 vinxit
224 2358 370 2417 hominem
385 2371 415 2418 et
437 2358 521 2418 torsit
540 2360 603 2438 ipse
618 2359 710 2428 solus,
731 2360 814 2419 nobis
834 2378 892 2416 non
911 2357 1073 2429 accersitis,
1087 2362 1207 2433 cumju·

111 2459 205 2511 rasset
225 2451 417 2509 communiter
438 2470 468 2508 se
486 2452 676 2529 quaesiturum
696 2463 726 2511 et
747 2462 878 2510 acturum
895 2469 959 2509 esse
975 2470 1089 2510 mecum
1104 2448 1206 2511 omnia.

114 2547 192 2604 Turn
207 2546 293 2604 homo
305 2546 448 2605 contentis
463 2545 588 2604 fidiculis
603 2547 756 2605 confessus
770 2555 822 2614 est,
836 2546 969 2613 ludices,
988 2566 1020 2604 se
1040 2556 1071 2605 et
1093 2556 1207 2625 septua-

112 2637 193 2716 ginta
217 2638 311 2697 minas
333 2638 451 2706 habere,
477 2638 591 2696 Cononi
617 2649 782 2717 surreptas:
809 2658 896 2716 quam
920 2638 1075 2717 pecuniam
1096 2656 1206 2698 omnem

112 2729 323 2809 Olympiodoro
334 2729 471 2788 restituit.
497 2730 560 2807 Ego
573 2749 652 2800 vero,
662 2730 793 2798 ludices,
804 2730 859 2787 hac
874 2750 904 2789 re
920 2731 1029 2801 audita,
1038 2731 1127 2790 istum
1143 2727 1208 2789 mihi

112 2822 273 2895 semissem,
288 2822 363 2881 sicut
377 2822 455 2899 prius
473 2820 561 2881 etiam
579 2822 616 2881 de
635 2822 713 2881 mille
732 2822 877 2881 drachmis
895 2823 1016 2895 fecerat,
1031 2823 1208 2881 redditurum

111 2916 260 2993 putabam.
294 2915 336 2972 Ac
351 2914 492 2993 principio
507 2934 565 2973 non
579 2915 664 2974 valde
678 2934 748 2974 sane
764 2915 790 2974 ei
804 2914 958 2986 instabam,
969 2916 1138 2975 existimans
1150 2914 1208 2973 fore

111 3018 144 3067 ut
165 3009 228 3088 ipse
246 3007 283 3067 de
306 3028 336 3067 re
351 3017 490 3067 statueret
508 3027 542 3067 ao
563 3008 616 3066 sibi
641 3008 767 3086 mihique
786 3007 827 3066 ita
839 3010 1028 3087 prospiceret,
1042 3020 1076 3067 ut
1097 3007 1209 3085 utrique

112 3121 196 3160 suurn
207 3103 257 3179 jus
281 3100 453 3161 redderetur
471 3121 507 3161 ex
526 3100 717 3180 jurejurando
734 3113 764 3160 et
779 3101 873 3179 pactis
897 3101 972 3158 inter
994 3120 1050 3159 nos
1072 3102 1158 3159 factis
1173 3098 1208 3157 de

111 3193 218 3270 aequali
242 3193 444 3251 distributione
465 3211 565 3250 eorum
584 3193 712 3251 omnium
735 3213 801 3271 quae
819 3193 922 3252 Conon
941 3192 1124 3269 reliquisset:
1145 3210 1210 3249 cum

112 3305 178 3343 vero
190 3305 285 3343 moras
298 3286 492 3362 interponeret
508 3285 639 3363 nihilque
653 3284 1064 3364 praestaret,Olympiodorum
1079 3286 1209 3363 alloquor

111 3389 141 3435 et
154 3396 247 3435 meam
262 3377 330 3435 mihi
345 3377 427 3435 reddi
441 3389 553 3455 partem
564 3379 692 3457 postulo,
703 3380 728 3440 is
744 3389 839 3437 autern
855 3398 968 3456 semper
982 3388 1145 3455 praetexere
1159 3376 1210 3435 ali·

110 3467 222 3544 quidet
236 3487 331 3526 moras
346 3479 474 3526 nectere.

150 3562 179 3616 5.
201 3558 319 3617 Interim
335 3570 364 3616 et
385 3559 433 3617 alii
447 3560 565 3637 quidam
580 3562 609 3620 in
624 3562 752 3621 Cononis
766 3561 963 3620 haereditatem
978 3572 1080 3640 agunt,
1096 3571 1126 3620 et
1141 3561 1211 3620 Cal-

110 3651 217 3730 lippus,
232 3651 319 3708 stater
334 3671 416 3709 meus
430 3672 595 3729 germanus,
616 3673 737 3733 peregre
759 3655 877 3712 domurn
901 3674 1030 3714 reversus
1051 3654 1150 3713 statim
1165 3673 1212 3713 se·

110 3745 228 3803 missem
247 3743 427 3802 haereditatis
447 3746 538 3822 petit:
561 3766 627 3825 quae
641 3756 702 3803 tum
718 3746 927 3825 Olympiodoro
943 3766 1036 3806 causa
1050 3746 1106 3805 fuit
1120 3766 1212 3824 pecu-

110 3837 167 3895 niae
181 3835 250 3895 mihi
262 3856 321 3896 non
335 3837 502 3908 reddendos,
517 3838 598 3917 quod
611 3839 694 3897 multi
709 3848 807 3898 essent
817 3839 866 3915 qui
886 3841 969 3898 nobis
983 3840 1212 3898 controversiam

111 3931 251 3989 facerent.
293 3929 346 3988 Me
369 3929 457 4006 igitur
479 3941 653 4009 exspectare
677 3942 809 4009 oportere
835 3930 964 4001 dicebat,
983 3932 1077 3990 donec
1097 3932 1214 4006 judicia

112 4023 191 4082 facta
204 4032 320 4082 essent:
341 4020 411 4079 milri
424 4040 493 4080 vero
508 4041 629 4080 necesse
643 4034 704 4081 erat
718 4044 751 4082 ea
766 4021 937 4092 concedere,
949 4025 1094 4082 concessi.
1140 4024 1213 4084 Post

112 4114 175 4175 haec
189 4116 258 4175 mihi
273 4127 303 4175 et
317 4114 526 4195 Olympiodoro
548 4117 749 4186 communiter,
764 4126 797 4172 ut
813 4115 1024 4192 juraveramus,
1048 4116 1214 4177 delibemu-

112 4207 198 4280 tibus,
213 4230 270 4287 qua
292 4208 403 4268 ratione
426 4209 533 4286 optime
556 4208 756 4287 tutissimeque
777 4208 949 4267 adversariis
970 4212 1084 4269 occurri
1100 4227 1214 4290 posset,

112 4300 206 4359 visum
226 4314 281 4374 est,
294 4303 426 4373 Judices,
442 4301 684 4380 Olynrpiodoruur
704 4314 795 4361 totam
816 4300 869 4358 sihi
890 4303 1093 4361 hoereditatem
1110 4306 1214 4364 vendi-

108 4412 187 4465 care,
197 4414 244 4453 me
256 4416 324 4455 vero
340 4396 407 4454 mihi
423 4395 573 4453 semissem
585 4404 739 4473 oportere:
760 4394 997 4471 quandoquidem
1012 4406 1042 4454 et
1057 4396 1214 4476 Callippus

769 4576 801 4623 „l
