2662 4792
113 270 173 332 626
400 270 620 332 ADVERSUS
642 268 911 333 LEOCHAREM.

113 427 276 488 Archiades
291 427 442 486 Lsostrato
456 425 622 487 Eleusinia:
643 420 721 505 post,
743 444 761 485 e
783 425 843 485 filia
865 424 943 484 illius
959 423 1083 484 elusam
1103 422 1208 484 soumis

111 521 225 580 illorum
245 520 374 580 nmcitm
394 521 549 581 leocrates
569 529 652 598 pater
674 510 827 579 Leonnati.
868 516 1070 589 Considerate,
1084 526 1208 577 utunm

113 610 152 673 de
165 612 263 673 multis
281 613 311 672 in
333 613 488 673 Archiadm
500 612 705 690 cognationem
725 613 782 671 iste
799 611 951 691 pertineat,
965 610 1003 669 de
1025 628 1086 688 quo
1109 618 1209 671 conte

114 714 208 764 status
222 715 280 765 est.
310 707 387 776 Qum
400 726 468 767 oum
479 706 520 765 ita
535 725 567 765 se
580 706 729 777 haberent,
744 704 907 765 Archiades
920 703 1139 763 matrimonium
1149 722 1209 765 uon

113 799 269 872 contrahit,
283 799 443 880 Midylides
457 808 557 859 autem
575 798 665 858 irater
686 799 758 878 ejus,
774 797 847 859 avus
860 798 955 868 istius,
970 812 1094 855 uxorem
1106 795 1208 855 ducite

113 901 144 950 at
164 890 233 971 quia
255 893 387 953 nondum
410 892 614 972 patrimonium
636 891 732 970 partiti
750 900 843 963 erant,
860 890 914 950 sed
936 898 1061 969 uterque
1082 888 1210 949 habebat

113 996 253 1062 quantum
268 986 339 1051 satis
358 995 446 1057 esset,
463 985 621 1066 Midylides
636 985 666 1043 in
685 987 757 1045 urbe
771 995 932 1065 parmarum,
945 983 1112 1043 Arclriadss·
1125 981 1209 1043 saln-

113 1077 191 1138 mine
203 1079 326 1138 habitat.
368 1080 438 1138 Non
459 1079 553 1137 multo
572 1068 760 1157 autem'post
775 1098 844 1138 curn
858 1076 1017 1157 Midylides
1031 1094 1104 1136 avus
1117 1076 1209 1155 putris

113 1171 170 1229 tusi
184 1182 266 1231 extra
280 1172 406 1231 Atticam
426 1190 549 1252 peregre
562 1172 637 1231 forte
657 1172 786 1243 abiisset,
799 1171 830 1230 in
843 1173 975 1231 morbum
989 1166 1209 1229 inciditArchi·

114 1263 185 1323 ades
198 1274 230 1323 et
242 1275 363 1325 mortem
378 1265 449 1337 obit,
462 1266 582 1325 absente
593 1263 749 1344 Midylide,
758 1265 846 1324 homo
856 1263 973 1325 coelebs.
996 1260 1086 1331 Quod
1095 1260 1159 1340 ejas
1168 1259 1209 1320 rei

113 1356 230 1435 signum
242 1356 309 1416 esti
335 1357 413 1418 Puer
433 1356 549 1417 situlam
563 1358 662 1416 ferens
675 1367 722 1417 est
733 1356 887 1417 Archiadae
900 1355 1034 1435 sepulcro
1045 1352 1208 1433 impositus.

115 1444 164 1506 Eo
188 1458 330 1529 tempore,
354 1449 538 1528 cognationis
563 1468 582 1509 a
599 1449 767 1509 mulieribus
785 1460 857 1509 ortas
878 1456 1032 1528 praetextu,
1053 1446 1209 1507 menas

115 1540 262 1603 Leostrati
275 1553 358 1623 pater
371 1563 408 1604 se
418 1542 540 1622 adoptat
551 1542 643 1601 lilium
658 1541 823 1616 Archiadae
839 1551 870 1602 et
882 1542 925 1601 sic
944 1541 974 1599 in
993 1542 1073 1600 bona
1087 1538 1208 1612 invadit,

114 1642 258 1712 tauquam
277 1637 315 1694 ab
336 1655 372 1695 eo
392 1635 508 1695 vivente
527 1634 625 1694 adbuc
639 1633 806 1712 adoptatam.
842 1634 989 1694 Reversus
1004 1631 1166 1711 Midylides
1180 1640 1236 1715 st,

115 1726 146 1784 id
169 1728 280 1787 factum
301 1729 420 1808 indigne
441 1729 564 1800 ferebat,
589 1736 619 1786 et
634 1727 749 1806 judicio
771 1728 940 1788 Leocratem
959 1725 1096 1805 persequi
1115 1734 1209 1785 statu·

114 1829 188 1878 erat.
230 1820 290 1879 Sed
312 1821 505 1880 suadentibus
525 1820 660 1898 cognatis
678 1830 708 1878 et
722 1820 908 1898 precantibus
924 1819 1001 1878 utin
1014 1818 1125 1881 familia
1136 1817 1208 1877 leo·

113 1920 224 1971 cratem
241 1913 410 1992 adoptivum
425 1912 584 1973 Archiadae
597 1911 688 1970 filiurn
702 1931 765 1971 esse
778 1919 935 1989 pateretur,
949 1909 1095 1970 concessit
1107 1908 1209 1990 Mity-

113 2002 200 2076 lides,
214 2024 275 2066 uon
283 2005 396 2084 jndicio
410 2005 516 2075 viatus,
532 2004 585 2063 sed
597 2004 715 2064 omnino
727 2005 766 2063 ab
779 2004 842 2063 istis
856 2003 1087 2072 circumventus:
1102 2002 1209 2063 deinde

113 2115 186 2157 sane
198 2096 286 2156 etiam
300 2097 466 2158 domesticis
486 2098 656 2157 obsecutus.
697 2097 742 2156 Ac
761 2095 919 2176 Midylides
933 2095 979 2155 his
991 2096 1066 2155 actis
1084 2104 1208 2155 mortem

112 2189 190 2249 obit:
213 2190 368 2251 Leocrates
382 2204 479 2251 autem
492 2187 646 2249 Archiadae
662 2190 741 2249 bona
757 2197 848 2262 tenet,
871 2196 902 2248 et
921 2187 1125 2248 hereditatem
1142 2206 1208 2269 per·

113 2281 185 2361 cipit
201 2282 308 2342 multos
322 2294 425 2354 annos,
439 2292 471 2341 ut
483 2281 544 2362 ejus
557 2280 712 2360 adoptivus
725 2281 813 2341 filius
841 2281 993 2354 Nasuam,
1009 2282 1088 2362 quod
1101 2298 1138 2342 aa
1150 2280 1209 2341 Mi·

114 2372 230 2454 dylides
244 2384 439 2447 concesserat,
448 2373 620 2452 quievimus.

154 2473 183 2526 8.
206 2469 275 2527 Non
288 2468 380 2527 multo
393 2478 491 2527 autem
505 2476 679 2547 post—quae
695 2467 836 2545 deinceps
851 2466 982 2526 dicentur
996 2466 1153 2547 diligenter
1164 2474 1207 2529 st·

114 2559 235 2630 tendite,
248 2559 571 2620 ludices-Leocrates
588 2562 744 2639 adoptatus
758 2558 924 2628 Archiadoe,
940 2559 1043 2619 relicto
1064 2559 1095 2618 in
1116 2578 1152 2620 ea
1164 2560 1207 2620 fa·

113 2650 194 2709 milia
207 2651 359 2710 Leostrato
373 2651 432 2710 filio
446 2651 587 2728 legitimo,
600 2653 662 2731 ipse
675 2651 751 2709 redit
762 2651 792 2708 in
803 2650 980 2720 Eleusinios,
993 2652 1071 2711 unde
1082 2652 1207 2712 aratori·

113 2742 227 2802 undas:
242 2762 277 2802 ac
290 2762 327 2801 ne
338 2752 400 2800 turn
413 2742 531 2820 quidem
546 2764 600 2803 nos
614 2744 773 2822 quicquam
788 2763 886 2802 earum
902 2763 997 2802 rerum
1012 2764 1079 2823 quoe
1094 2745 1133 2804 ad
1146 2746 1207 2804 hae·

113 2833 265 2894 reditatem
279 2833 404 2894 attinent
428 2835 580 2906 movimus,
603 2837 656 2896 sed
678 2855 745 2914 quae
769 2844 835 2894 acta
856 2845 940 2895 eraut
960 2846 1024 2896 rata
1042 2837 1206 2898 habuimus.

115 2925 229 2987 Rursus
240 2938 339 2988 autam
355 2927 521 2987 leostratus
535 2928 608 3009 ipae,
622 2928 674 3007 qui
688 2926 843 3006 adoptivus
863 2937 941 2988 esset
954 2928 1032 2989 filius
1044 2938 1076 2990 et
1088 2930 1206 2990 relictus

111 3020 142 3079 in
162 3019 319 3082 Archiadre
337 3019 455 3093 familia,
468 3022 620 3081 revertitur
636 3021 675 3080 ad
689 3019 866 3092 Eleusinios,
880 3030 914 3078 ut
927 3030 957 3080 et
970 3030 1053 3100 pater
1066 3042 1149 3096 suus,
1162 3042 1207 3083 re·

112 3112 183 3172 licto
202 3113 232 3173 in
252 3133 289 3173 ea
307 3112 417 3172 familia
434 3132 574 3192 germano
598 3114 669 3187 tilio,
682 3131 736 3193 per
753 3121 812 3171 tres
825 3131 964 3191 personas
979 3114 1125 3191 primitiva
1137 3115 1207 3175 ado·

112 3205 213 3283 ptione
225 3215 327 3265 contra
340 3206 425 3284 leges
438 3207 618 3266 confirmata.
660 3206 718 3275 Qui
732 3204 890 3265 enimcum
904 3204 1018 3283 legibus
1032 3209 1207 3280 consentiat,

112 3317 180 3357 cum
201 3298 264 3378 ipse
282 3299 358 3357 filius
381 3298 546 3378 adoptivus,
559 3300 624 3360 filiis
638 3299 781 3380 adoptivis
795 3300 914 3372 relictis,
928 3300 958 3358 in
972 3320 1056 3360 suam
1069 3288 1207 3363 familiam

112 3390 150 3448 sit
163 3391 313 3457 reversus?
333 3390 429 3467 idque
439 3390 477 3450 ad
490 3391 569 3451 hunc
586 3413 683 3472 usque
696 3393 774 3453 diem
788 3393 883 3452 facere
897 3412 956 3451 non
975 3393 1101 3463 destitit;
1114 3412 1208 3476 eoque

112 3491 201 3560 pacto
216 3501 247 3542 se
261 3502 315 3541 nos
332 3481 504 3542 haereditate
524 3485 709 3545 fraudaturus
731 3494 844 3564 putant,
862 3495 1006 3564 quoestum
1025 3486 1162 3548 faciendo
1177 3498 1208 3549 et

112 3575 268 3634 liberorum
289 3576 380 3633 instar
403 3576 513 3635 victum
534 3597 572 3638 ex
595 3577 747 3638 Archiadae
768 3578 854 3638 bonis
876 3579 1014 3657 petendo,
1028 3590 1118 3659 atque
1138 3581 1208 3641 inde

113 3686 228 3747 semper
241 3668 271 3726 in
284 3678 434 3748 paternam
453 3669 593 3731 familiam
609 3670 768 3743 redeundo,
783 3690 817 3730 ac
831 3691 894 3730 eam
909 3671 1028 3751 quidem
1043 3685 1152 3734 sartam
1166 3686 1207 3736 te·

113 3771 191 3821 ctam
205 3760 414 3831 conservando,
428 3761 507 3821 illam
519 3773 616 3823 autem
629 3764 836 3823 consumendo.

153 3860 184 3917 9.
207 3853 268 3914 Sed
281 3865 388 3926 tamen,
404 3856 537 3934 quamvis
551 3856 606 3917 ista
618 3857 660 3916 ita
669 3856 781 3929 fierent,
794 3875 848 3915 nos
860 3857 939 3935 quod
949 3857 1009 3917 dixi
1021 3860 1207 3923 toleravimus

113 3950 221 4022 omnia,
234 3969 294 4028 quo
311 3947 425 4026 usque?
447 3949 548 4009 Donec
568 3951 722 4010 Leocrates
739 3950 769 4009 iu
788 3950 944 4010 Archiadaa
960 3952 1070 4013 familia
1088 3955 1207 4015 relictus

112 4041 189 4102 iilius
203 4043 290 4101 orbus
305 4038 440 4099 decessit.
483 4041 550 4108 Quo
565 4042 627 4101 sine
646 4042 744 4100 liberis
758 4042 908 4116 defunctu,
921 4046 1061 4122 partimus
1075 4056 1109 4106 ut
1122 4049 1208 4108 nobis

112 4154 219 4212 genere
232 4133 368 4215 proximis
382 4132 536 4192 Archiadae
550 4134 652 4195 relicta
670 4134 733 4213 ejus
745 4136 824 4194 bona
834 4135 1012 4205 tribunatum
1036 4148 1066 4198 et
1082 4160 1142 4200 non
1156 4143 1208 4203 de·

111 4226 224 4301 functo,
239 4228 289 4308 qui
302 4228 365 4308 ipse
378 4225 433 4285 luit
443 4227 606 4306 adoptivus,
619 4227 695 4287 filius
709 4229 738 4287 in
751 4230 881 4288 fraudem
895 4240 1024 4290 nostram
1039 4234 1208 4315 adoptetur.

113 4317 201 4383 Quod
216 4321 240 4378 si
254 4323 317 4401 ipse
329 4320 429 4381 vivens
442 4319 568 4394 fecisset,
579 4340 746 4402 quanquam
759 4322 789 4381 id
800 4323 909 4382 lactum
919 4334 1021 4384 contra
1031 4326 1112 4405 leges
1122 4341 1208 4404 esset,

105 4408 167 4467 uon
181 4429 444 4495 repugnassemua:
467 4413 520 4474 sed
540 4415 609 4492 quia
622 4435 714 4495 neque
728 4426 832 4477 natura
844 4416 942 4477 fuit-ei
963 4417 1039 4480 filius
1054 4420 1146 4503 ullus,
1158 4443 1208 4483 ne·
