2662 4792
117 260 175 327 618
382 258 608 324 ‚ADVERSUS
626 259 933 320 MACARTATUM.

120 430 228 491 genere
252 413 417 492 proximus:
451 415 658 495 Theopompus
685 425 783 475 autem
805 413 961 476 Macaron
986 422 1070 492 peter
1089 430 1209 491 prorsus

116 525 178 565 non
193 506 326 579 secessit,
341 522 435 586 neque
448 508 675 569 controversiam
689 508 789 582 movit,
802 507 882 588 quod
899 504 970 567 nihil
993 504 1032 565 ad
1054 504 1152 584 ipsum
1164 512 1213 588 et-

117 598 233 669 tineret,
247 597 336 677 idque
361 617 429 659 eum
446 600 649 661 esseteedem
667 609 763 661 estete.
813 601 910 670 Quem
931 596 1091 659 absurdum
1111 604 1214 657 nutem

113 709 181 750 esse
203 691 323 769 putetis,
338 692 468 765 ludices,
481 713 550 752 oum
569 694 774 775 Theopompus
788 693 826 753 de
840 692 962 772 pupille,
983 710 1050 768 quse
1073 688 1131 748 fuit
1147 688 1212 749 He-

116 781 194 860 gniae
205 783 331 861 patrueli
343 794 424 858 nate,
436 804 503 844 cum
518 786 635 846 nemine
654 805 783 867 unquam
805 785 933 864 litigarit,
952 792 987 840 ut
1004 778 1135 861 postulet
1147 779 1212 839 lle-

115 873 194 952 gnioe
208 875 262 934 sibi
274 874 475 937 haereditetem
489 877 576 938 tribui
589 887 692 940 contre
703 897 804 940 omnes
818 875 918 956 legesi
951 874 1031 941 Quid
1044 874 1107 933 istis
1117 872 1213 932 homi·

111 965 202 1025 nibus
215 967 276 1027 fieri
290 978 379 1047 queat
392 969 586 1048 impudentius
602 980 654 1031 eut
667 967 856 1030 sceleratius?
877 967 982 1026 Recita
993 966 1081 1026 etiem
1089 973 1212 1043 oaeteree

118 1055 210 1136 leges.

615 1168 711 1225 dux.

148 1281 276 1331 Homioide
287 1285 311 1330 in
321 1287 372 1333 toro
383 1284 512 1344 postuletur
521 1286 550 1332 eb
561 1283 591 1330 iis
600 1282 642 1347 qui
653 1280 774 1329 suntintre
784 1278 988 1337 oonsobrinitstem
999 1285 1023 1326 et
1033 1293 1048 1324 u
1058 1277 1215 1335 eousobriuis,

57 1406 61 1415 Ι
114 1373 163 1409 unu
171 1369 341 1420 persequentur
352 1361 450 1407 eundem
461 1366 485 1407 et
495 1359 683 1408 oonsobrioorum
693 1357 771 1414 liberi,
783 1365 808 1404 st
819 1356 906 1418 generi,
916 1362 941 1404 et
952 1354 1037 1411 soseri,
1048 1362 1073 1402 et
1085 1354 1216 1411 sobriui,st

114 1434 224 1482 oorieles.
245 1435 285 1482 Sin
296 1451 347 1482 oum
361 1451 388 1482 eu
399 1436 540 1485 redeundum
552 1435 577 1482 in
588 1435 685 1496 pretium
695 1432 774 1490 fuerit,
785 1432 806 1480 si
817 1438 883 1492 peter
891 1437 1008 1493 superstes
1019 1429 1072 1486 erit,
1083 1436 1125 1477 sut
1134 1431 1215 1487 irstsr,

115 1518 155 1557 eut
167 1509 218 1566 tilii,
228 1517 268 1556 eut
281 1510 391 1565 omnium,
400 1518 440 1558 eut
450 1513 502 1571 ejus
512 1510 551 1572 qui
559 1510 674 1572 probibet,
687 1508 776 1556 valebit
784 1507 917 1556 suetoritus.
933 1507 975 1553 Sin
988 1507 1068 1553 horum
1080 1521 1150 1554 neruo
1160 1506 1214 1564 erit,

116 1597 141 1639 et
152 1589 240 1636 osedem
251 1587 339 1635 invitus
351 1588 440 1644 feeerit,
452 1587 522 1649 idque
533 1588 698 1649 quinqusgiutu
708 1593 733 1632 et
743 1601 803 1632 unus
815 1585 912 1645 pretae
926 1581 1101 1645 pronuncierint
1114 1581 1215 1630 inritum

113 1662 199 1710 ieoisse
208 1662 305 1717 eudem,
314 1663 495 1710 intromittuntur
507 1663 605 1709 eurieles
617 1661 638 1708 si
648 1653 726 1709 solent
735 1661 816 1706 deuern
825 1676 831 1705 s
840 1659 869 1705 ub
879 1658 915 1705 bis
927 1664 1004 1705 eutem
1014 1655 1182 1718 quinqusgintu
1191 1664 1215 1705 et

116 1754 176 1785 uuus
188 1755 218 1786 ex
227 1739 377 1799 optimatibus
388 1739 527 1800 deliguntur,
537 1738 611 1800 etqui
622 1737 685 1800 prius
696 1737 785 1783 oaederu
795 1735 899 1782 seuerum
906 1735 949 1781 bso
961 1733 1214 1782 sunotieneteueeutur.

116 1814 166 1871 Qui
175 1830 232 1861 uero
241 1813 264 1860 iu
274 1813 408 1876 municipiis
418 1815 587 1869 desiderentur,
598 1830 657 1876 quos
668 1828 735 1860 nemo
746 1811 877 1868 sustulerit,
886 1827 927 1858 eos
936 1811 1026 1857 indioet
1039 1810 1148 1859 tribunus
1158 1826 1215 1873 oug-

115 1890 177 1938 netis
193 1896 220 1937 ut
232 1890 315 1937 tollent
334 1898 358 1938 et
375 1891 486 1951 sepelient
500 1896 525 1938 et
536 1891 639 1953 populus
650 1905 678 1937 eo
686 1889 727 1937 die
739 1889 857 1945 lustretur,
864 1904 915 1950 quo
929 1886 969 1934 die
985 1885 1070 1947 singuli
1086 1886 1214 1935 desidereti

115 1965 211 2013 tuerint.
251 1965 409 2013 Deouuoietur
426 1972 502 2013 eutem
519 1966 547 2011 de
562 1964 638 2013 seruis
648 1964 750 2020 domiuo,
760 1966 790 2011 de
804 1963 911 2024 ingenuis
926 1963 956 2009 iis
971 1961 1011 2023 qui
1027 1961 1137 2013 inbonis
1153 1970 1213 2011 suut.

117 2042 159 2091 Sin
169 2048 261 2090 mortuo
273 2043 333 2089 bonu
347 2057 393 2089 nou
403 2049 480 2109 erum,
492 2041 578 2090 monui
589 2041 694 2102 oognutis
711 2040 871 2088 denuncietur.
903 2039 972 2098 Quod
981 2039 1002 2084 si
1011 2043 1065 2102 post
1075 2038 1164 2089 tribuni
1173 2040 1214 2088 de·

119 2118 288 2185 nuuoiutioueur
300 2120 392 2180 eogueti
403 2134 448 2168 non
460 2119 604 2176 sustulerint,
616 2118 722 2166 tribunus
732 2118 860 2165 tollendum
878 2117 979 2164 oederer
990 2116 1054 2163 louet
1064 2124 1089 2164 et
1100 2118 1214 2179 sepelien-

115 2197 172 2244 dum
188 2201 212 2244 et
226 2197 370 2244 lustrsudnm
381 2213 410 2244 eo
420 2196 591 2258 die'populunr,
601 2210 670 2258 quum
680 2195 775 2244 minimo
786 2195 881 2258 poterit.
912 2194 953 2241 Sin
967 2211 1012 2242 nou
1024 2194 1118 2252 louuru‘t,
1128 2195 1212 2244 debete

115 2273 180 2320 mille
193 2274 313 2322 druobmus
324 2273 413 2321 sererio.
447 2273 566 2334 Quicquid
578 2279 654 2321 eutem
668 2273 817 2336 impenderit,
829 2271 926 2333 duplum
937 2286 952 2317 s
962 2271 1103 2320 debentibus
1114 2273 1211 2335 exigite.

116 2351 188 2409 Quod
200 2351 246 2399 nisi
256 2352 346 2409 leoerit,
356 2351 409 2413 ipse
419 2352 503 2399 debete
515 2351 672 2415 popularibus.
696 2351 744 2411 Qui
754 2359 829 2399 eutem
840 2349 1078 2397 loeetioueslueoruur
1088 2351 1211 2407 Minerua,

116 2435 142 2475 et
157 2434 293 2475 ooeterorum
304 2430 418 2484 Deorum,
430 2433 454 2474 et
464 2416 578 2485 Hero'um,
589 2443 633 2475 nou
645 2426 799 2485 reddiderint,
810 2427 907 2473 infernes
918 2433 943 2473 et
959 2424 1005 2487 ipsi
1016 2431 1085 2475 sunto
1096 2434 1211 2476 eteorum

117 2504 231 2561 heredes,
243 2504 317 2549 donee
328 2504 446 2552 solverint.

118 2618 193 2677 Hsec
207 2617 304 2676 omnia
319 2637 386 2696 quse
399 2618 479 2697 leges
489 2622 594 2694 jubent
608 2621 703 2680 fecere
717 2631 867 2699 cognatos,
883 2641 938 2682 nos
947 2622 1054 2702 jubent
1067 2631 1098 2681 et
1115 2624 1211 2685 faeere

114 2723 235 2787 cogunt,
255 2710 394 2769 ludices:
423 2730 490 2768 cum
512 2710 679 2771 Macartato
703 2724 799 2772 autem
828 2712 899 2771 nihil
920 2714 1091 2791 loquuntur,
1115 2735 1211 2794 neque

116 2821 181 2859 cum
200 2802 388 2882 Theopompo
402 2811 484 2880 patre
504 2807 577 2878 ejus.
619 2803 723 2881 Neque
742 2805 819 2863 enim
833 2805 863 2863 in
875 2806 984 2865 familia
1003 2806 1130 2886 Hagniee
1143 2818 1212 2869 sunt

114 2892 144 2952 in
159 2894 342 2954 uuiversum:
364 2913 423 2972 quo
437 2898 525 2973 pecto
534 2894 622 2973 igitur
635 2895 698 2953 istis
712 2896 868 2973 quicquam
883 2899 1079 2959 manderent?

156 2991 205 3047 14.
227 2989 272 3047 Ac
284 2989 340 3048 iste
355 2988 484 3068 quidem,
499 2987 630 3058 ludices,
652 2989 689 3047 ed
704 2988 873 3050 refutandas
892 2990 974 3069 leges
989 3001 1018 3050 et
1042 2992 1211 3055 testimonia

114 3100 181 3159 quae
195 3101 250 3141 nos
264 3081 460 3155 exhibuimus,
477 3082 550 3162 justi
569 3081 640 3140 nihil
654 3080 755 3141 efferre
769 3092 884 3160 potest:
911 3084 964 3144 sed
988 3084 1159 3163 indignetur
1180 3096 1211 3147 et

113 3172 210 3251 inique
225 3193 323 3233 secum
338 3174 385 3252 agi
399 3173 522 3246 dictitat,
536 3173 585 3252 qui
599 3182 680 3254 patre
693 3184 808 3233 mortuo
821 3195 887 3234 reus
903 3176 963 3236 fiat.
1005 3176 1085 3236 Illud
1099 3189 1208 3252 autem,

113 3265 246 3338 ludices,
261 3286 319 3325 non
329 3267 505 3338 considerat,
519 3277 631 3345 patrem
642 3286 728 3327 suum
740 3267 886 3327 hominem
899 3268 989 3327 fuisse
1002 3271 1211 3344 mortalem‚·et

112 3376 180 3415 oum
200 3357 264 3416 aliis
278 3357 376 3416 multis
394 3357 512 3429 obiisse,
527 3368 556 3416 et
578 3358 738 3417 senioribus
760 3369 791 3419 et
805 3358 981 3438 junioribus.
1024 3359 1089 3419 Etsi
1110 3370 1209 3424 autem

113 3445 321 3527 Theopompus
343 3448 424 3518 obiit,
439 3449 519 3526 leges
538 3469 597 3508 non
616 3440 761 3524 obierunt,
776 3470 869 3528 neque
886 3451 935 3528 jus
957 3451 1038 3524 obiit,
1052 3472 1150 3531 neque
1159 3455 1208 3533 ju-

113 3538 194 3602 dices
207 3538 417 3619 pronunciandi
431 3541 601 3601 auctoritate
614 3543 737 3622 praediti.
779 3542 883 3622 Agitur
898 3553 996 3602 eutem
1014 3544 1045 3602 in
1059 3545 1116 3607 hoc
1127 3547 1207 3626 judi·

109 3629 156 3688 cio
169 3639 199 3688 et
211 3631 242 3688 in
254 3631 309 3689 hee
321 3630 545 3710 disceptatione,
559 3653 619 3692 non
629 3642 698 3692 uter
712 3632 789 3711 prior
803 3646 854 3692 aut
869 3635 1012 3714 posterior
1021 3637 1138 3711 obierit,
1154 3640 1206 3700 sed

110 3732 209 3781 utrum
219 3723 374 3782 conveniat
383 3743 475 3784 neone
488 3725 596 3805 expelli
609 3746 645 3785 ex
657 3726 744 3786 domo
759 3726 916 3806 Hagniana
928 3730 1087 3807 patrueles,
1108 3744 1140 3791 et
1153 3752 1206 3814 pe·-

112 3815 247 3874 truelium
260 3814 366 3875 liberos
385 3816 521 3895 Haguiae,
537 3819 573 3878 eb
587 3818 621 3878 iis
636 3819 686 3896 qui
700 3831 768 3879 sunt
782 3841 797 3879 e
814 3820 911 3881 Stratii
925 3823 1045 3898 familie,
1059 3836 1089 3884 et
1104 3827 1131 3886 ei
1146 3832 1203 3887 nori

92 3909 152 3968 ite
162 3907 323 3987 conjuncti,
338 3919 369 3967 ut
383 3908 508 3987 Hagniae
522 3911 720 3985 hoereditatem
733 3912 812 3994 edire
826 3914 949 3993 possint,
965 3916 1018 3976 sed
1036 3937 1146 3995 genere
1160 3941 1205 3995 re·

110 4002 258 4061 mutieres.
301 4000 349 4059 De
362 4000 419 4061 hoe
430 4001 519 4080 igitur
531 4005 728 4064 controversia
739 4015 794 4063 est.

153 4096 201 4151 15.
224 4092 284 4152 Sed
294 4102 324 4152 et
337 4111 372 4150 ex
388 4092 443 4152 hec
457 4093 522 4171 lege
536 4095 642 4155 certius
655 4096 742 4155 etiam
756 4098 951 4179 cognoscetis,
962 4101 980 4160 J
984 4101 1097 4175 udices,
1111 4126 1204 4185 quen·

108 4195 171 4263 tum
187 4185 277 4248 Solon
291 4183 439 4264 legislator
452 4186 582 4246 studium
602 4187 710 4249 habeat
722 4189 962 4262 domesticorum
984 4214 1080 4274 neque
1101 4198 1205 4261 relicte

105 4276 255 4427 quntexqt
268 4278 310 4338 eis
322 4280 401 4338 bone
414 4277 475 4353 det,
490 4279 641 4341 sedetiam
653 4280 781 4347 difficilia
794 4303 918 4364 quaeque
929 4288 1064 4365 cognatis
1073 4292 1203 4355 mandet,

139 4379 215 4428 emta
240 4389 333 4450 egem.
