2662 4792
107 310 166 365 724
442 309 612 369 CONTRA
636 308 856 369 CONONEM.

109 462 280 539 quasivero
303 462 441 524 continuo
462 465 600 525 credituri
621 467 734 536 essetis,
750 477 779 523 et
802 463 953 522 veritatem
969 457 1048 518 haud
1066 456 1197 517 conside·

109 553 208 626 taturi,
222 556 345 634 primum
364 576 459 635 neque
480 557 680 637 Lysistratum,
695 577 789 634 neque
812 557 946 624 Paseam,
960 570 1057 631 neque
1079 550 1198 610 Nicera-

109 655 180 717 tum,
198 668 293 726 neque
318 649 489 720 Diodorum,
504 651 553 730 qui
567 651 665 729 palam
680 652 824 710 testificati
844 662 913 709 sunt
928 669 958 706 se
980 646 1091 705 vidisse
1115 662 1161 703 me
1183 662 1200 702 a

109 740 231 801 Conone
245 744 399 815 verberari,
414 755 445 803 et
455 746 583 803 vestibus
598 745 690 815 exsui,
705 757 735 804 et
749 746 861 804 coeteris
876 763 950 822 quas
964 759 1117 821 perpessus
1139 736 1213 799 sum'

109 833 291 892 coutumeliis
315 835 403 911 affici,
421 836 553 894 homiues
572 836 690 913 ignotos
707 838 815 916 quique
835 835 953 895 fortuito
974 832 1015 892 rei
1039 833 1201 891 intervene-

109 933 186 995 runt,
207 946 334 1005 unquam
355 927 445 988 fuisse
465 929 667 989 commissuros
683 941 717 990 ut
736 930 811 988 falsa
830 931 1067 997 testificarentur,
1080 924 1136 983 nisi
1157 942 1203 983 me

109 1016 151 1074 itu
165 1017 336 1077 mulctatum
353 1020 508 1080 vidissent:
531 1023 637 1082 deinde
660 1024 709 1082 cui
726 1023 760 1082 fit
773 1022 927 1081 verisimile
944 1040 1002 1093 me,
1016 1018 1074 1077 nisi
1094 1019 1132 1077 ab
1149 1017 1203 1076 isto

109 1106 231 1170 fuissem
254 1112 311 1171 hoc
332 1115 419 1173 modo
443 1114 540 1192 laesus,
555 1116 671 1175 omissis
690 1116 725 1175 iis
740 1137 758 1175 a
771 1116 877 1195 quibus
893 1114 949 1194 ipsi
963 1134 1009 1171 me
1023 1112 1205 1171 verberatum

28 1260 35 1273 ,
111 1222 173 1262 esse
187 1206 371 1279 confitentur,
386 1220 488 1268 contre
507 1229 574 1267 eum
594 1210 643 1287 qui
664 1229 717 1268 nec
737 1210 882 1285 attigisset
900 1207 999 1267 venire
1018 1205 1146 1284 primum
1163 1203 1205 1262 in·

112 1296 264 1356 stituissel
296 1300 467 1359 Cureniml
496 1322 589 1380 quave
604 1302 642 1360 de
657 1301 767 1360 cause?
795 1300 865 1359 Non
891 1300 931 1358 ita
954 1309 1010 1373 est,
1024 1298 1078 1356 sed
1099 1314 1206 1369 eum,a

113 1407 172 1466 quo
193 1391 318 1468 primurn
332 1394 500 1452 verberatus
522 1414 586 1452 sum
604 1394 794 1471 maximisque
819 1391 999 1453 contumeliis
1022 1389 1156 1461 affectus,
1178 1397 1208 1447 et

113 1500 231 1555 accuso,
246 1494 276 1543 et
299 1485 360 1559 odi,
384 1496 414 1544 et
432 1506 600 1565 persequor.
643 1488 686 1545 Ac
705 1507 772 1564 quae
794 1504 850 1564 ego
865 1485 942 1556 dico,
964 1483 1006 1541 uti
1023 1502 1053 1540 re
1067 1482 1132 1560 ipsa
1144 1498 1209 1539 vera

113 1586 184 1635 sunt
203 1579 308 1649 omnia,
329 1579 369 1637 itu
391 1580 478 1637 etiarn
497 1598 562 1637 esse
586 1598 655 1637 vera
671 1580 822 1637 videntur:
844 1580 898 1637 iste
923 1586 1030 1645 autem,
1045 1574 1102 1633 nisi
1123 1582 1207 1633 testes

114 1666 185 1725 istos
200 1669 395 1745 produxisset,
408 1670 488 1749 quod
512 1670 623 1729 diceret
642 1690 701 1729 non
716 1671 846 1739 haberet,
862 1669 914 1729 sed
929 1666 1085 1745 evestigio
1104 1667 1209 1725 tacitus

115 1759 246 1819 damnari
260 1764 413 1840 potuisset.
443 1764 519 1820 Cum
536 1774 633 1822 autem
647 1764 709 1842 ejus
730 1763 918 1822 combibones
937 1761 995 1821 sint
1009 1771 1039 1818 et
1052 1760 1210 1818 multorum

114 1852 215 1911 talium
231 1854 390 1912 facinorum
406 1854 486 1926 socii,
501 1855 580 1913 haud
600 1856 636 1913 ab
655 1875 685 1912 re
700 1855 806 1913 falsum
821 1857 850 1912 in
865 1856 929 1933 ejus
944 1853 1067 1931 gratiam
1081 1853 1210 1911 testimo·

115 1945 195 2003 nium
209 1945 354 2007 dixerunt.
397 1946 485 2015 Quod
505 1948 530 2005 si
551 1966 597 2006 res
617 1966 652 2006 eo
670 1946 795 2015 redierit,
817 1957 859 2017 ut,
874 1947 897 2004 si
920 1946 968 2024 qui
983 1944 1074 2002 semel
1086 1944 1212 2004 frontem

116 2040 316 2116 perfricuerint
329 2053 359 2100 ct
372 2052 473 2121 aperte
487 2040 563 2100 falsa
583 2040 730 2100 testificari
745 2039 808 2098 ausi
824 2039 939 2109 suerint,
955 2037 1036 2096 nulla
1053 2037 1153 2098 sutura
1174 2038 1213 2099 sit

116 2130 245 2192 veritatis
259 2133 378 2207 utilitas,
393 2134 513 2213 indigno
526 2154 571 2194 res
585 2135 648 2194 erit.

160 2227 208 2284 12.
229 2227 270 2285 At
282 2226 399 2286 hercule
418 2247 478 2287 non
493 2237 562 2287 sunt
575 2227 670 2286 tales?
699 2228 762 2287 Imo
776 2238 885 2286 norunt
897 2236 1035 2300 vestrum,
1050 2238 1084 2288 ut
1101 2226 1211 2305 opinor,

118 2317 202 2377 rnulti
216 2330 245 2377 et
256 2319 417 2379 Diotimum
433 2330 463 2379 et
475 2321 689 2380 Archebiadem
703 2333 733 2379 et
748 2321 953 2381 Chaeretimum
967 2321 1108 2379 incanum
1120 2320 1211 2391 illum,

117 2410 167 2488 qui
187 2430 255 2469 cum
268 2412 391 2471 interdiu
405 2413 530 2472 frontem
545 2422 712 2491 corrugent,
731 2422 762 2473 et
782 2413 931 2472 Laconum
951 2412 1111 2472 imitatores
1126 2410 1213 2471 videri

119 2502 217 2571 veiint,
232 2515 262 2562 et
274 2504 406 2564 lacernas
420 2505 555 2575 induant,
567 2516 596 2564 et
610 2506 721 2585 simplis
737 2506 824 2565 soleis
837 2515 968 2579 utantur,
981 2515 1138 2584 postquam
1148 2522 1213 2564 con·

119 2596 231 2674 gregati
247 2607 314 2655 sunt
336 2609 366 2656 et
386 2600 460 2658 inter
483 2620 547 2657 sese
566 2599 671 2670 coiere,
685 2599 798 2657 nullum
818 2599 933 2658 sceleris
954 2607 984 2657 et
1003 2599 1107 2677 flagitii
1123 2618 1212 2676 genus

119 2691 355 2766 praetermittunt.
399 2693 530 2758 Quorum
551 2692 615 2750 lraec
636 2692 792 2770 splendida
806 2702 835 2751 et
854 2692 1009 2769 magnifica
1023 2692 1115 2750 verba
1130 2699 1211 2750 sunt:

122 2783 172 2839 An
184 2801 243 2839 non
258 2783 322 2840 aliis
336 2783 382 2841 alii
397 2794 498 2842 mutua
512 2784 678 2843 testimonia
692 2784 844 2843 dicemus?
858 2786 906 2843 An
920 2805 979 2843 non
994 2784 1058 2843 haec
1074 2784 1213 2844 sodalium

121 2884 151 2933 et
158 2875 318 2934 amicorum
334 2875 429 2935 officia
444 2875 532 2935 sunt?
548 2877 627 2943 Quid
638 2897 706 2936 vero
721 2897 809 2956 grave
821 2888 923 2937 contre
936 2890 964 2935 te
979 2875 1105 2935 afferet?
1119 2879 1213 2957 Vapu-

121 2968 181 3027 lare
194 2969 312 3046 quidam
327 2989 393 3027 eum
408 2990 439 3027 se
454 2968 562 3028 vidisse
576 2970 696 3028 dicent?
729 2990 781 3028 nos
801 2990 870 3029 vero
891 2980 917 3028 te
932 2989 1050 3047 prorsus
1070 2991 1131 3030 non
1151 2970 1214 3031 atti·

122 3063 200 3141 gissc
214 3082 279 3121 eum
294 3062 521 3122 testificabimur.
560 3062 725 3141 Spoliatum
741 3083 804 3121 esse
818 3061 970 3122 vestibus?
992 3061 1022 3119 id
1035 3062 1103 3121 illos
1117 3063 1215 3123 fecisse

122 3157 230 3234 priores
245 3176 298 3214 nos
313 3157 528 3215 affirmabimus
572 3157 736 3215 Consulum
750 3176 813 3214 esse
827 3154 963 3214 labrum?
986 3174 1039 3213 nos
1055 3168 1146 3234 caput
1165 3175 1212 3214 no-

121 3249 166 3307 bis
194 3260 244 3307 aut
272 3248 351 3306 aliud
380 3249 527 3327 quippiam
550 3268 615 3306 csse
639 3249 847 3307 comminutum
872 3247 1126 3326 dicemus—Ego
1150 3267 1214 3305 vcro

123 3342 253 3400 medicos
278 3351 369 3400 testes
392 3343 525 3400 exhibeo.
569 3342 604 3399 Id
618 3343 697 3420 quod
712 3342 763 3414 illi,
777 3341 908 3411 ludices,
924 3360 983 3397 non
997 3340 1118 3401 habent.
1161 3343 1216 3399 Ex-

123 3434 215 3511 ceptis
230 3434 304 3491 enim
316 3435 349 3492 iis
363 3453 429 3511 quoe
442 3433 497 3512 ipsi
511 3433 586 3491 inter
601 3455 633 3492 se
648 3435 813 3507 conferunt,
828 3433 937 3492 nullius
952 3432 1035 3492 testis
1050 3444 1216 3494 contrarios

123 3525 236 3604 copiam
262 3536 332 3583 sunt
353 3525 500 3585 habituri:
522 3536 632 3604 quanta
645 3547 714 3586 vero
735 3548 835 3586 eorum
851 3529 890 3586 sit
905 3538 934 3585 ct
953 3526 1048 3603 qualis
1073 3528 1111 3586 ad
1133 3547 1217 3587 omne

123 3618 238 3678 facinus
260 3617 391 3689 audacia,
406 3618 542 3695 equidem
564 3619 604 3678 ita
628 3641 673 3679 me
698 3620 737 3678 dii
761 3631 868 3691 ament,
895 3619 990 3679 dicere
1008 3638 1132 3698 nequeo.
1181 3620 1220 3678 Ut

124 3724 222 3781 autem
233 3711 339 3781 sciatis,
351 3711 450 3788 qualia
464 3712 593 3772 facinora
607 3714 716 3792 passim
732 3714 897 3793 designent,
908 3714 998 3772 recita
1011 3712 1076 3772 haec
1090 3714 1219 3773 testimo·

126 3808 183 3877 uia,
197 3816 229 3864 tu
242 3824 310 3863 vero
326 3804 396 3862 siste
411 3822 526 3880 aquam.

547 4025 819 4084 TESTIMONIA.

125 4171 201 4231 Cum
216 4171 303 4250 igitur
318 4169 442 4247 parietes
462 4168 628 4245 perfodiant
646 4179 675 4228 et
694 4169 724 4226 iu
739 4168 839 4228 obvios
854 4179 1031 4247 grassentur,
1046 4187 1117 4225 num
1137 4168 1224 4227 dubi·

124 4276 210 4334 taturi
223 4275 305 4335 robis
319 4273 455 4333 videntur
470 4282 600 4329 mutuum
612 4271 641 4329 in
655 4273 796 4331 tabellula
807 4273 983 4351 perscribere
998 4272 1224 4331 testimonium?

125 4385 192 4424 nurn
217 4377 334 4426 atarto
354 4376 382 4426 et
403 4364 453 4425 tali
477 4363 543 4423 odio
558 4373 588 4423 et
601 4364 784 4441 improbitate
809 4376 839 4424 et
862 4364 1040 4444 impudentia
1063 4375 1094 4423 et
1118 4375 1226 4424 contu·
