2662 4792
117 260 176 319 680
392 258 606 319 ADVERSUS
628 256 896 321 TIMOTHEUM.

115 413 247 475 oratione
261 413 404 494 deceptis,
418 434 450 475 se
463 414 536 475 nihil
550 412 668 482 debere,
682 432 735 481 noe
745 412 876 492 pecuniis
887 409 1210 477 fraudandos-neccs-

115 508 225 567 sanum
238 506 308 566 mihi
321 505 435 568 videtur
448 526 513 568 esre
527 515 560 567 ut
573 507 611 566 ab
625 505 707 567 initio
719 504 801 565 vobis
815 503 913 565 omnia
926 522 1163 577 commemorem,
1181 514 1212 566 et

116 616 183 679 quae
197 600 349 673 debentur,
361 608 392 660 et
404 618 493 679 quam
505 599 543 660 ad
557 618 619 659 rern
632 597 756 677 pecunia
769 596 938 677 singulatim
952 597 991 657 sit
1005 616 1087 669 usus,
1096 606 1210 659 attem-

116 713 186 772 pora
198 693 304 771 quibus
317 703 484 753 contractus
502 693 598 753 factus
617 703 673 752 est.
714 691 824 771 Neque
834 710 903 750 vero
917 711 970 750 nos
989 710 1025 751 ea
1038 690 1210 751 certorscirc

115 784 267 863 quisquam
279 794 408 844 vestrum
427 784 558 845 miretur:
579 782 715 843 mensarii
734 782 812 842 enim
825 781 1051 842 commentarios
1066 782 1212 859 conficere

115 875 211 937 solent
224 885 286 935 turn
299 895 398 937 earum
410 875 598 956 pecuniarum
612 895 686 955 quas
698 873 752 954 ipsi
767 873 848 948 dant,
858 876 888 934 et
898 894 985 954 quern
998 874 1029 932 in
1040 894 1136 947 mum,
1148 887 1210 934 tum

116 988 216 1031 earum
229 989 295 1048 quae
305 969 384 1049 apud
397 969 476 1049 ipsos
491 969 687 1049 deponuntur,
701 979 734 1027 ut
750 966 805 1027 sibi
820 977 889 1027 nota
904 966 963 1029 sint
974 987 1105 1047 expensa
1118 978 1151 1027 ct
1162 986 1211 1029 ac·

115 1070 202 1141 cepta
211 1061 241 1121 in
255 1061 414 1123 rationibus
428 1061 595 1122 referendis.

154 1155 184 1213 2.
206 1154 356 1215 Socratide
365 1148 613 1235 praetore,'mense
628 1152 746 1225 Martio,
759 1151 851 1210 altera
864 1150 1048 1230 navigatione
1060 1151 1210 1231 profectu·

115 1266 164 1306 rus
178 1247 358 1322 Timotheus,
371 1258 402 1307 et
418 1247 480 1327 jam
496 1246 642 1306 soluturus
663 1265 680 1303 e
698 1245 820 1316 Piraeeo,
840 1264 907 1303 cum
926 1243 1065 1323 ampliore
1084 1245 1209 1324 pecunie

114 1339 266 1421 indigeret,
289 1340 413 1402 accessit
433 1341 472 1400 ad
491 1350 603 1419 patrem
626 1358 723 1398 rneurn
746 1338 775 1398 in
798 1349 885 1418 portu
911 1348 942 1398 et
964 1347 1098 1399 mutuare
1120 1338 1209 1418 jussit

113 1434 268 1495 drachmas
282 1434 361 1494 mille
376 1443 520 1495 trecentas
536 1430 747 1514 quinquaginta
760 1450 858 1505 unam,
872 1432 946 1491 duos
964 1430 1068 1491 obolos
1082 1434 1208 1505 (tanturn

113 1526 192 1585 enirn
215 1526 269 1586 sibi
290 1546 365 1605 opus
381 1546 445 1585 esse
463 1527 582 1603 aiebat),
602 1536 632 1585 et
650 1525 720 1583 dare
734 1524 909 1583 Antimacho
923 1525 1061 1604 quaestori
1079 1545 1145 1598 suo,
1160 1524 1207 1603 qui

113 1630 176 1681 turn
190 1620 273 1681 istius
294 1621 391 1680 omnia
403 1623 532 1680 curabat.
573 1621 671 1697 Atque
684 1618 708 1677 is
719 1617 836 1695 quidem
853 1617 904 1695 qui
917 1616 1072 1697 pecuniam
1090 1637 1109 1677 a
1127 1627 1207 1696 patre

114 1732 179 1772 meo
202 1722 379 1772 mutuaretur
392 1710 563 1770 Timotheus
587 1718 660 1781 erat,
678 1708 785 1789 quique
802 1707 919 1786 juberet
932 1709 1111 1768 Antimacho
1130 1728 1207 1789 qum·

113 1805 183 1863 stori
201 1824 254 1863 suo
281 1805 358 1863 dari:
379 1804 516 1883 quivero
541 1803 619 1862 illam
641 1802 679 1861 de
702 1819 804 1859 mensa
823 1800 1030 1861 aPhormione
1052 1803 1207 1882 acciperet,

112 1895 305 1965 AutonomuS,
318 1895 368 1972 qui
382 1894 460 1953 omni
474 1906 605 1973 ternpore
618 1891 793 1952 Antimacho
806 1892 999 1971 scriptitabat.
1033 1894 1115 1955 Data
1123 1895 1207 1975 igitur

111 2006 148 2045 ea
160 1986 294 2065 pecunia,
309 1985 470 2046 debitorem
487 1985 631 2063 inscripsit
651 2004 718 2044 eum
735 1982 784 2060 qui
805 1991 938 2044 mutuare
954 1986 1093 2066 jusserat,
1108 1986 1205 2045 Timo·

111 2079 230 2139 theom:
252 2079 281 2137 in
293 2078 532 2140 commentarium
545 2078 632 2139 etiam
644 2075 750 2148 retulit,
765 2074 813 2134 cui
826 2075 895 2135 dare
906 2078 962 2138 iste
972 2078 1112 2158 jusserat,
1124 2078 1204 2139 Anti·

112 2172 256 2245 machum,
270 2182 302 2232 et
314 2191 401 2250 quern
414 2170 606 2231 Antimachus
621 2169 739 2229 miserat
749 2168 787 2227 ad
800 2187 934 2229 mensam
947 2180 981 2231 ut
994 2170 1119 2231 eandem
1130 2171 1205 2232 acci·

111 2278 202 2346 peret,
215 2268 424 2338 Autonomum‚
447 2264 524 2325 mille
544 2275 691 2326 trecentas
712 2261 868 2323 drachmas
885 2264 1100 2345 quinquaginta
1118 2284 1204 2325 unam

111 2370 141 2419 et
152 2361 228 2420 duos
241 2361 353 2420 obolos.

153 2455 182 2511 3.
203 2453 331 2512 Primum
353 2451 442 2531 igitur
462 2453 605 2526 debitum,
623 2455 704 2532 quod
717 2453 785 2514 hinc
800 2455 915 2514 solvens
934 2453 1099 2513 secundum
1114 2453 1203 2532 impe·

111 2559 188 2604 rator
202 2546 327 2624 accepit,
343 2555 456 2605 tanturn
470 2546 535 2604 fuit.
566 2548 641 2606 Cum
655 2567 723 2608 vero
736 2559 834 2608 vestro
845 2546 982 2626 suffragio
997 2547 1204 2627 improbaremr

110 2641 188 2718 quod
202 2641 436 2719 Peloponnesum
449 2641 545 2701 classe
558 2660 615 2700 non
632 2643 768 2703 abiisset:
790 2654 820 2703 et
834 2644 871 2702 ad
885 2662 1003 2702 causam
1018 2643 1097 2722 apud
1112 2662 1204 2723 popu·

110 2734 169 2792 lum
185 2733 340 2793 dicendum
354 2742 518 2806 vocaretur,
529 2733 654 2792 maximo
665 2737 783 2795 crimine
794 2756 861 2795 reus
872 2756 879 2795 ε
897 2745 927 2794 et
938 2755 1005 2795 eum
1018 2735 1203 2795 Callistratus

110 2835 197 2905 atque
210 2825 382 2905 Iphicrates,
396 2825 448 2885 viri
462 2837 493 2886 et
507 2828 591 2885 rebus
607 2828 698 2906 gestis
712 2840 741 2888 et
761 2829 928 2908 eloquentia
945 2839 1132 2904 praestantes,
1154 2848 1205 2907 op·

110 2932 293 2999 pugnarent;
314 2921 355 2980 ita
373 2919 415 2980 illi
427 2941 478 2981 vos
497 2931 528 2980 et
548 2920 601 3001 ipsi
626 2931 656 2982 et
674 2941 774 2981 eorum
788 2923 922 2982 advocati
937 2922 1106 2981 accusando
1126 2941 1205 2981 corn·

111 3024 273 3087 moverunt,
288 3026 322 3075 ut
343 3014 564 3087 Antimachum,
585 3026 758 3092 quaestorem
773 3017 834 3096 ejus
853 3029 884 3076 et
903 3017 1045 3087 intimum,
1059 3017 1139 3076 facto
1154 3037 1205 3096 pro

110 3108 252 3167 concione
275 3108 387 3187 judicio
410 3108 592 3181 occideretis,
606 3109 690 3169 bonis
712 3111 799 3170 etiam
819 3116 882 3185 ejus
904 3109 1078 3188 publicatis;
1111 3111 1206 3190 ipsum

111 3220 178 3259 vero
200 3199 287 3259 istum
312 3200 537 3280 deprecantibus
559 3202 748 3263 familiaribus
770 3213 800 3263 et
819 3204 951 3283 cognatis
975 3204 1038 3284 ejus
1062 3205 1208 3275 omnibus,

111 3312 255 3371 superque
269 3292 374 3352 Alceta
389 3304 418 3352 et
440 3295 554 3367 Iasone,
570 3295 654 3353 sociis
670 3297 782 3369 vestris,
796 3297 844 3356 vix
868 3296 1066 3368 absolveretis,
1090 3296 1143 3356 sed
1162 3305 1207 3355 ta·

111 3405 178 3444 men
198 3386 347 3464 imperium
361 3386 388 3444 ei
401 3388 590 3471 abrogaretis.
631 3389 707 3448 Cum
721 3390 809 3468 igitur
823 3391 930 3450 talibus
944 3390 1113 3449 criminibus
1127 3399 1211 3449 tanta

111 3477 207 3556 inopia
221 3487 480 3556 urgeretur-nam
502 3490 532 3540 et
552 3482 706 3541 facultates
729 3483 791 3560 ejus
805 3502 907 3542 omnes
925 3485 1063 3543 obseratae
1078 3493 1162 3542 erant
1179 3490 1211 3542 et

110 3569 215 3629 libellis
230 3569 369 3647 appositis
388 3571 426 3629 ab
440 3571 503 3630 aliis
519 3576 702 3647 tenebantur,
722 3595 791 3652 ager
809 3576 886 3633 enim
907 3576 938 3633 in
951 3575 1073 3654 planitie
1093 3573 1210 3653 pignori

111 3661 260 3741 oppositus
280 3671 341 3719 erat
361 3663 523 3723 Eumelidae
536 3665 606 3738 filio,
622 3678 651 3726 et
665 3667 818 3745 sexaginta
839 3667 1004 3727 trierarchis
1025 3668 1076 3746 qui
1091 3687 1158 3727 cum
1171 3686 1209 3727 eo

110 3753 280 3832 navigarant
302 3754 430 3830 septenis
452 3756 536 3816 minis
559 3758 590 3818 in
613 3760 755 3838 singulos,
772 3780 846 3838 quas
874 3781 924 3820 eos
950 3760 1005 3820 iste
1029 3761 1210 3820 adolendos

111 3859 215 3909 nautas
238 3847 365 3927 dilargiri
388 3862 536 3929 coegerat,
558 3855 756 3934 oppigneratas
778 3865 863 3915 erant
886 3857 1006 3936 reliquae
1030 3857 1094 3937 ejus
1119 3876 1210 3936 opes:

110 3944 179 4021 quia
193 3962 259 4002 vero
281 3942 380 4021 populi
404 3943 547 4023 suffragiis
567 3947 703 4026 rejectus,
719 3959 852 4028 septenas
874 3949 937 4008 illas
961 3950 1055 4008 minas
1073 3952 1103 4009 in
1122 3949 1212 4009 ratio·

110 4035 195 4095 nibus
216 4035 375 4094 referendis
397 4056 539 4115 expensas
559 4039 664 4100 tulerat
687 4041 783 4101 nautis
803 4042 840 4101 de
859 4044 976 4102 militari
998 4044 1133 4122 pecunia,
1149 4053 1210 4102 tum

110 4130 228 4199 veritus,
241 4146 278 4187 ne
292 4128 322 4186 in
336 4147 367 4186 se
380 4128 510 4206 praefecti
525 4131 683 4191 triremium
693 4133 890 4193 testimonium
906 4135 1035 4194 dicerent
1047 4148 1136 4216 atque
1148 4137 1212 4215 ipse

112 4222 253 4280 mendacii
268 4222 495 4294 convinceretur,
505 4236 606 4284 mutuo
621 4227 710 4285 sumit
724 4247 742 4284 a
754 4227 874 4306 singulis
889 4238 1025 4308 septenas
1042 4230 1106 4287 illas
1119 4229 1212 4287 minas

111 4313 301 4390 oppignerata
322 4314 363 4374 eis
387 4333 417 4372 re
440 4334 493 4375 sua
516 4316 657 4388 familiari,
672 4318 776 4397 quibus
797 4340 874 4379 nunc
896 4340 947 4380 eos
963 4320 1088 4381 revulsis
1105 4321 1212 4381 libellis

105 4400 246 4466 fraudat:
269 4407 397 4489 undique
414 4406 500 4489 igitur
519 4411 743 4486 circumventus,
759 4424 789 4475 et
808 4415 837 4474 in
861 4414 990 4495 periculo
1004 4416 1072 4476 vitre
1084 4416 1213 4477 maximo
