2662 4792
118 283 178 341 624
270 232 273 237 1
406 280 623 341 ADVERSUS
645 278 914 339 LEOCHAREM.

116 453 217 496 causae
230 435 398 495 defensores
417 443 447 495 et
464 435 555 495 salsos
569 445 660 495 testes
672 433 783 495 multos
796 441 1021 514 compararunt:
1044 440 1228 512 pererrem·

104 527 353 610 ‚meus-dicetur
365 526 539 588 enim—una
552 548 618 588 cum
636 536 818 608 paupertate,
832 535 931 586 utros
946 544 1048 585 omnes
1062 523 1167 598 nostis,
1180 534 1210 585 et

30 668 37 695 ,
117 617 261 699 imperitia
289 638 384 679 rerum
410 620 570 680 manifestis
593 620 766 681 testimoniis
785 628 908 698 pugnat.
962 618 1041 678 Nam
1065 616 1097 676 in
1118 616 1208 679 Pirae·

117 730 153 771 eo
166 712 345 790 preconium
361 712 493 772 factitat:
513 713 545 772 id
557 713 643 791 [quod
665 730 725 773 non
747 712 835 775 modo
856 711 1035 792 paupertatis
1054 731 1208 791 argumen-

116 812 189 876 tum,
203 804 255 863 sed
269 813 299 863 et
311 804 510 884 occupationis
524 814 570 865 est
581 824 648 883 quae
661 805 727 864 lites
741 805 845 864 sectari
857 804 1047 884 prohibebam
1068 804 1120 883 qui
1133 805 1210 865 enim

81 956 85 963 ,
112 894 203 955 tudem
219 903 362 974 quaestum
376 896 457 969 tacit,
471 916 539 956 eum
552 912 672 957 necesse
686 906 731 957 est
744 904 823 957 totos
839 897 901 957 dies
914 897 944 955 in
957 896 1020 955 soro
1033 910 1111 956 esse.
1135 892 1210 966 Ques

115 1004 170 1047 ros
183 996 352 1065 reputantes
366 987 541 1066 cogitabitis,
557 1007 620 1062 nos,
633 986 689 1048 nisi
703 987 818 1062 justitia
830 987 897 1047 freti
909 1007 1050 1059 essemus,
1061 1006 1210 1075 nunquam

115 1078 146 1138 in
160 1088 348 1158 conspectum
360 1090 488 1139 vestrum
499 1080 592 1155 tuisse
611 1080 788 1159 prodituros.
829 1080 889 1140 Sed
905 1101 972 1160 quoe
989 1080 1080 1160 hujus
1097 1083 1210 1161 generis

115 1181 197 1245 sunt,
210 1190 368 1251 progressu
383 1173 532 1244 orationis,
546 1173 654 1235 clarius
676 1173 818 1233 audietis:
843 1174 880 1233 de
901 1174 967 1254 ipsa
986 1183 1086 1234 sutem
1108 1184 1211 1236 conte·

115 1268 242 1328 statione
251 1276 283 1327 et
296 1286 395 1341 causa,
404 1288 484 1328 nunc
497 1268 610 1328 ridetur
623 1286 689 1328 esse
700 1267 909 1328 disserendum.

107 1378 112 1387 ·
158 1365 186 1422 3.
208 1360 296 1430 Quod
311 1361 345 1436 si,
364 1360 495 1436 Judices,
511 1381 548 1422 ex
564 1360 629 1442 ipse
649 1362 862 1422 contestatione
881 1360 1044 1422 Leochares
1065 1358 1209 1440 petiturus

105 1446 327 1514 “defensionem
338 1462 426 1533 atque
447 1464 618 1515 ostensurus
633 1464 721 1529 esset,
740 1474 772 1515 se
785 1475 956 1534 germanum
969 1473 1035 1515 esse
1054 1452 1210 1515 Archiades

114 1549 216 1622 filium,
226 1549 296 1609 nihil
308 1569 383 1628 opus
397 1559 475 1609 esset
493 1550 593 1609 multis
607 1548 712 1622 verbis,
727 1568 822 1628 neque
836 1549 1034 1608 necessarium
1051 1565 1108 1607 nos
1121 1566 1141 1607 a
1152 1545 1211 1627 pri·

115 1641 229 1700 mordio
252 1639 321 1700 inde
345 1650 478 1715 nostrum
500 1659 593 1719 genus
607 1658 797 1719 percensere:
819 1640 873 1698 sed
892 1639 961 1720 quia
984 1659 1016 1700 se
1034 1638 1211 1699 contestatio

113 1732 198 1791 aliter
209 1733 308 1803 habet,
323 1742 410 1812 etque
423 1732 470 1793 isti
483 1732 638 1793 maximam
653 1732 790 1792 orationis
805 1742 916 1812 partem
930 1733 960 1791 in
974 1750 1010 1792 eo
1023 1740 1209 1802 consument,

108 1836 147 1882 'se
161 1823 317 1903 adoptatos
330 1842 404 1898 esse,
418 1834 449 1885 et
469 1844 536 1885 cum
552 1826 681 1904 germani
700 1824 750 1883 filii
772 1825 841 1898 sint,
855 1824 966 1885 ratione
984 1822 1210 1904 propinquitatis

107 1916 177 1995 jure
197 1927 385 1996 percepturos
404 1917 613 1988 haereditatem,
635 1935 757 1976 necesse
771 1917 855 1976 nobis
869 1918 930 1991 'est‚
944 1916 966 1976 J
967 1916 1079 1989 udices,
1094 1926 1211 1997 propter

114 2008 168 2066 has
183 2027 285 2067 causas
298 2009 388 2087 paulo
399 2010 485 2069 altius
497 2029 590 2089 genus
600 2018 733 2069 nostrum
746 2010 829 2070 vobis
844 2029 1001 2088 exponere.
1044 2009 1111 2070 Hoc
1133 2009 1210 2069 enim

114 2100 266 2182 perspicue
279 2104 410 2182 cognito,
422 2103 518 2164 verbis
533 2121 635 2162 eorum
653 2123 712 2162 non
727 2102 920 2182 decipiemini.
961 2100 1041 2160 Nam
1058 2100 1124 2161 hoec
1139 2120 1209 2164 con·

20 2256 24 2263 ,
115 2197 254 2257 troversia
275 2196 449 2277 disceptatio
471 2198 525 2255 est'
539 2194 575 2254 de
596 2190 785 2254 haereditate:
806 2192 919 2253 ineam
931 2212 1002 2253 vero
1025 2193 1140 2272 agimus
1156 2212 1208 2254 nos

115 2290 226 2349 ratione
249 2290 365 2369 generis
389 2301 420 2350 et
441 2287 669 2368 propinquitatis,
690 2287 739 2346 isti
760 2286 872 2346 ratione
892 2285 1068 2366 adoptionis.
1111 2287 1209 2347 Confi·

114 2395 211 2443 temur
221 2394 318 2443 autem
332 2402 431 2442 coram
444 2381 526 2442 vobis
540 2391 618 2440 ratas
632 2400 698 2440 esse
709 2389 843 2460 oportere
858 2380 1043 2459 adoptiones,
1053 2399 1121 2459 quse
1135 2378 1209 2460 legi-

114 2476 171 2534 bus
195 2475 249 2534 rite
274 2475 362 2534 factre
385 2474 503 2533 fuerint.
546 2475 646 2539 Quare
666 2472 847 2546 vos,h0rum
870 2473 1125 2532 fundamentorum
1147 2492 1208 2533 me·

115 2583 220 2636 mores,
235 2564 258 2622 si
269 2563 451 2641 ostenderint
469 2563 551 2623 vobis
565 2564 647 2640 leges
661 2583 696 2622 ea
709 2564 875 2642 permittere
888 2583 954 2642 quee
974 2563 1029 2643 ipsi
1054 2564 1208 2624 contestati

117 2666 194 2728 sunt,
209 2656 387 2715 decernitote
401 2656 443 2714 eis
460 2655 678 2715 hoereditatem:
707 2656 750 2714 sin
765 2655 880 2734 legibus
896 2656 927 2715 id
948 2656 1067 2734 quidem
1088 2658 1210 2717 demon-

114 2758 205 2808 strare
219 2768 279 2807 non
292 2757 439 2827 poterunt,
454 2748 506 2807 sed
525 2767 611 2827 aequa
624 2756 723 2806 tamen
736 2756 765 2807 et
777 2747 905 2808 humana
914 2749 1010 2809 dicere
1023 2750 1208 2824 videbuntur,

114 2840 202 2900 etiam
215 2842 256 2901 sic
266 2840 465 2902 concedimus.
508 2840 550 2898 Ut
562 2848 660 2900 autem
671 2840 769 2900 sciatis
783 2861 836 2901 nos
849 2860 956 2920 genere
971 2861 1036 2902 esse
1051 2843 1209 2922 proximos,

95 2964 97 2969 ¹
115 2956 209 3016 neque
224 2956 260 2996 eo
273 2936 326 2996 niti
347 2934 452 3009 solum,
466 2934 519 2994 sed
533 2943 564 2993 et
583 2932 697 2994 ceteris
714 2934 858 3008 omnibus,
871 2935 995 3014 primum
1016 2954 1066 2995 vos
1084 2935 1121 2995 de
1145 2935 1209 3014 ipso

111 3048 223 3109 genere
243 3029 425 3102 docebimus,
448 3028 527 3089 unde
550 3027 706 3087 haereditas
732 3039 797 3087 est:
823 3026 958 3089 existimo
983 3027 1072 3101 enim,
1086 3027 1110 3086 si
1132 3027 1209 3089 hanc

112 3143 211 3185 causae
235 3135 347 3204 pertern
369 3123 481 3202 liquido
500 3121 705 3201 cognoveritis,
719 3121 781 3181 fore
800 3131 834 3181 ut
856 3140 913 3182 nec
934 3128 1107 3181 ceterorum
1129 3120 1210 3201 quic-

113 3236 203 3293 quam
216 3237 267 3277 vos
286 3226 448 3298 praetereat.

152 3315 183 3367 4.
204 3309 363 3389 Principio,
378 3308 509 3382 Judi'ces,
524 3308 585 3367 nati
600 3317 669 3367 sunt
684 3308 888 3389 Euthymacho
903 3308 1064 3388 Otrynenei
1077 3307 1128 3367 filii
1141 3316 1208 3383 tres,

114 3402 284 3480 Midylides,
296 3403 472 3481 Archippus,
487 3401 657 3472 Archiades,
674 3414 704 3461 et
713 3401 773 3461 filie
786 3403 834 3462 cui
848 3420 957 3462 nomeu
971 3401 1028 3460 fuit
1042 3401 1209 3462 Archidice.

114 3494 155 3551 Hi
164 3504 248 3574 patre
263 3495 411 3571 defuncto,
426 3478 601 3554 Archidicen
619 3495 770 3554 Leostrato
793 3493 944 3554 Eleusinio
964 3494 1122 3554 collocant.
1164 3495 1212 3555 Ex

113 3586 183 3666 ipsis
196 3608 264 3647 vero
278 3589 369 3647 tribus
383 3587 548 3666 Archippus
561 3588 668 3646 triremi
677 3588 833 3668 prefectus
843 3587 1025 3666 Methymnae
1036 3587 1114 3647 diem
1128 3587 1210 3650 obiit.

113 3679 273 3760 Midylides
296 3699 357 3740 non
377 3680 468 3738 multo
491 3690 558 3758 post
578 3689 708 3765 tempore
727 3679 809 3737 ducit
832 3679 1073 3751 Mnesimacham,
1090 3679 1212 3760 Lysippi

112 3774 260 3834 Crioensis
273 3775 371 3844 filiam,
388 3773 474 3852 eique
488 3773 549 3832 filia
562 3774 691 3833 nascitur
705 3772 823 3832 nomine
845 3771 1039 3844 Clitomacho,
1053 3791 1143 3851 quam
1161 3772 1211 3832 ille

113 3867 205 3928 voluit
216 3867 297 3928 fratri
317 3887 369 3926 suo
384 3866 433 3945 qui
448 3866 557 3926 coelebs
572 3876 635 3927 erat
649 3867 728 3926 dare.
770 3865 846 3924 Cum
861 3874 957 3924 autem
972 3866 1135 3925 Archiades
1155 3865 1212 3926 sibi

113 3980 173 4021 non
187 3982 251 4022 esse
264 3961 293 4019 in
308 3960 405 4021 animo
418 3978 539 4018 uxorem
553 3959 660 4019 ducere
675 3959 795 4028 diceret,
811 3956 864 4016 sed
884 3956 1133 4037 etpatrimonium
1144 3977 1211 4038 pro·

113 4062 213 4132 pterea
225 4054 381 4114 indivisum
392 4073 455 4112 esse
470 4070 587 4131 passus,
602 4051 724 4112 seorsim
733 4049 877 4110 Salamine
898 4050 1061 4110 habitaret:
1085 4051 1129 4110 sic
1147 4060 1212 4110 tan·

114 4144 181 4205 dem
201 4146 362 4227 Midylides
386 4164 469 4204 suam
493 4142 581 4202 filiam
601 4142 751 4203 Aristoteli
771 4142 938 4202 Pallenensi
962 4142 1135 4223 despondet,
1156 4161 1212 4204 avo

54 4251 61 4263 ‘
113 4242 189 4311 meo,
202 4260 219 4297 e
233 4260 291 4319 quo
303 4248 463 4300 nascuntur
477 4236 528 4296 iiiii
549 4247 618 4309 tres,
637 4234 843 4297 Aristodemus
861 4247 945 4316 pater
965 4237 1014 4295 hic
1035 4255 1130 4310 meus,
1149 4235 1212 4296 He·

112 4328 269 4391 bronichus
283 4344 415 4412 patruus,
429 4340 460 4392 et
473 4328 633 4409 Midyiides
647 4331 696 4409 qui
715 4349 793 4389 nuno
808 4330 889 4389 obiit.

146 4423 178 4483 6.
200 4424 247 4484 Ac
260 4426 379 4504 generis
398 4424 517 4507 quidem
535 4423 626 4485 nostri
639 4423 853 4504 propinquitas,
866 4424 895 4483 in
911 4440 968 4503 quo
982 4431 1029 4483 est
1042 4421 1211 4495 heredites,
