2662 4792
447 306 616 367 CONTRA
638 306 832 367 NEAERAM.
1148 310 1205 366 777

156 457 205 516 lh.
229 458 293 536 Age
317 479 386 521 uero
406 462 487 522 vobis
508 464 597 522 etiam
613 463 734 523 alterum
752 460 950 521 testimonium
969 461 1166 531 exhibeamus,
1179 470 1210 519 et

114 546 278 609 Pbrastoris
295 561 325 610 et
338 552 486 612 tribulium
501 555 576 634 ejus,
591 564 620 614 et
634 554 794 635 gentilium,
807 554 885 613 uode
900 562 1016 612 constet
1028 552 1208 633 peregrinam

112 658 175 699 esse
200 642 348 703 Neaeram.
390 646 460 705 Non
478 647 571 706 multo
592 648 669 707 enim
690 656 845 726 postquam
867 666 904 705 ex
925 646 1037 704 aedibus
1058 645 1209 724 ablegaret

114 730 253 793 Pbrastor
268 734 384 796 Neaerae
407 736 507 808 liliam,
530 740 561 799 iu
583 742 715 800 morbum
736 738 844 810 incidit,
858 738 1040 817 pessimeque
1053 730 1164 810 habuit,
1179 747 1210 796 et

111 825 246 886 omnibus
260 827 484 890 difficultatibus
499 840 546 890 est
560 832 755 892 condictatus.
797 832 874 897 Quia
897 850 965 889 vero
987 850 1053 890 cum
1075 829 1208 909 cognatis

112 916 172 977 suis
194 919 222 977 ei
239 930 324 979 vetus
343 922 476 982 simultas
489 934 562 994 erat,
575 936 606 983 et
628 924 682 1002 ira,
705 923 857 995 etodium,
872 940 1015 1001 superque
1034 924 1097 1001 ipse
1112 920 1210 981 liberis

111 1010 209 1081 orbus,
223 1011 363 1072 delinitus
382 1026 427 1074 est
452 1017 482 1074 in
501 1018 611 1087 morbo,
624 1034 697 1077 cura
716 1026 747 1075 et
765 1015 903 1094 obsequio
917 1026 979 1074 tum
1002 1015 1125 1085 Neeoroe,
1145 1023 1208 1072 tum

111 1100 173 1181 ejus
186 1103 276 1173 filim
299 1106 412 1191 itabept
425 1108 503 1166 enim
517 1108 630 1167 adeum
645 1128 713 1167 cum
728 1102 891 1187 aegrotaret,
906 1106 1109 1185 neminemque
1118 1106 1208 1166 babe-

110 1206 154 1255 ret
166 1216 185 1256 a
197 1216 258 1276 quo
272 1198 302 1257 iu
317 1202 418 1261 morbo
437 1212 598 1273 curaretur,
612 1211 778 1281 opportuna
795 1202 822 1261 ei
839 1202 917 1261 malo
930 1200 1059 1260 remedia
1071 1200 1210 1273 ferentes,

111 1300 142 1350 et
158 1292 330 1352 revisentes.
363 1294 467 1373 Neque
480 1315 549 1355 vero
563 1295 619 1375 ipsi
631 1296 783 1374 ignoratis,
798 1294 899 1374 quanti
910 1293 994 1373 pretii
1008 1293 1089 1353 sitin
1100 1291 1208 1352 morbis

111 1383 214 1443 mulier
235 1386 356 1444 assidua
375 1387 452 1465 apud
473 1388 621 1448 hominem
633 1398 835 1467 egrotantem.
878 1387 1012 1465 Denique
1035 1402 1208 1463 persuasum

111 1474 206 1547 eiest,
221 1478 378 1555 puerulum
393 1498 479 1557 quem
494 1492 647 1560 pepererat
661 1481 721 1540 lilia
735 1481 859 1551 Neaeroe,
874 1499 941 1538 cum
958 1480 1093 1557 ablegata
1106 1476 1211 1536 luisset

111 1566 300 1629 sPhrastore
314 1590 481 1650 praegnans,
492 1573 573 1650 quod
586 1574 783 1651 cognovisset,
796 1592 856 1632 non
868 1572 1009 1651 Stephani
1022 1588 1091 1630 esse
1110 1570 1210 1640 liliam,

111 1663 163 1723 sed
187 1663 315 1736 Nem,
328 1664 490 1745 fucumque
514 1668 568 1726 sibi
586 1666 697 1727 factum
718 1686 796 1746 oegre
819 1666 918 1738 ferret,
938 1684 1038 1726 rursus
1062 1665 1212 1744 adoptare,

111 1754 235 1834 locoque
259 1756 367 1816 habere
385 1758 447 1829 lilii,
461 1760 599 1831 humano,
613 1780 667 1819 nec
688 1760 815 1819 absurdo
834 1759 966 1828 consilio,
987 1778 1076 1839 quum
1096 1766 1127 1817 et
1147 1757 1212 1837 ipse

113 1847 189 1907 male
205 1847 331 1908 affectus
345 1860 435 1921 esset,
458 1872 513 1910 nec
533 1870 669 1933 magnam
692 1853 759 1910 vitae
781 1870 862 1930 spem
884 1852 1021 1917 haberet;
1043 1858 1083 1922 et,
1102 1870 1140 1910 ne
1160 1868 1214 1908 sua

111 1938 275 2000 hereditate
291 1942 412 2020 cognati
424 1943 596 2022 potirentur,
611 1964 684 2005 neve
697 1946 759 2023 ipse
777 1945 865 2003 orbus
878 1943 1019 2013 interiret,
1035 1960 1140 2002 cavere
1152 1942 1213 2000 rel·

112 2032 161 2093 let.
204 2034 370 2113 Adoptauit
382 2035 471 2114 igitur
484 2057 618 2115 puerum,
632 2049 663 2097 et
678 2037 716 2096 ad
731 2057 763 2095 se
783 2037 902 2115 recepit.
943 2035 1022 2095 Nam
1041 2036 1072 2093 id
1093 2032 1212 2113 quidem

112 2126 302 2199 sitaluisset,
315 2146 465 2206 nunquam
480 2130 636 2201 lucturum,
649 2148 757 2206 magno
771 2148 827 2206 ego
841 2137 873 2187 et
885 2127 1015 2209 evidenti
1029 2127 1111 2185 vobis
1125 2144 1212 2205 argu·

107 2230 211 2295 [sento
227 2220 395 2278 ostendam.
437 2220 514 2279 Cum
534 2222 658 2300 primum
681 2221 759 2280 enim
780 2223 817 2280 ab
831 2220 881 2278 illa
900 2219 1065 2277 infirmitate
1087 2218 1213 2278 surrexit

115 2308 264 2381 Plirestor,
273 2322 306 2370 et
319 2322 469 2371 recreatus
490 2324 548 2382 est,
564 2312 819 2390 valetudinemque
833 2310 1023 2382 confirmavit,
1036 2311 1128 2370 civem
1141 2328 1213 2369 uxo-

113 2418 183 2475 rem,
209 2414 246 2460 ut
269 2403 377 2477 jubent
403 2402 495 2483 leges,
515 2404 607 2475 ducit,
627 2403 724 2483 Satyri
746 2402 910 2465 Melitensis
933 2402 1091 2481 legitimam
1113 2402 1212 2475 filiam,
1315 2412 1325 2431 ‘

116 2494 234 2575 Diiphili
251 2514 389 2555 sororem.
434 2497 560 2557 Proinde
583 2517 638 2556 nec
654 2497 799 2556 volentem
821 2516 888 2555 eum
909 2496 1054 2575 recepisse
1078 2514 1211 2575 puerum,

114 2587 167 2647 sed
180 2598 212 2646 et
225 2588 339 2656 morbo,
354 2597 384 2646 et
401 2588 536 2659 orb'mate,
546 2600 577 2648 et
593 2588 746 2647 mulierum
769 2587 918 2666 obsequiis
937 2599 1085 2659 coactum,
1099 2596 1130 2647 et
1143 2606 1213 2666 cog·
1295 2622 1300 2631 ·

115 2690 246 2739 natorum
259 2680 340 2752 odio,
350 2701 387 2739 ne
400 2700 453 2740 sua
471 2680 512 2738 illi
534 2681 695 2743 hereditate
706 2681 876 2760 potirentur,
887 2681 912 2740 ei
923 2679 994 2760 quid
1007 2680 1034 2739 ei
1047 2678 1215 2753 accidisset,

115 2772 179 2833 baec
191 2774 277 2833 vobis
291 2784 463 2852 argumenta
472 2784 570 2833 sunto.
614 2764 786 2852 Eademque
800 2775 875 2845 haec,
894 2794 930 2834 ea
943 2792 1009 2852 quoe
1024 2782 1124 2833 secuta
1136 2783 1214 2845 sunt,

114 2869 208 2947 magis
219 2867 423 2927 declarabunt.
467 2867 544 2927 Nam
557 2886 624 2927 enm
639 2888 762 2947 puerum
777 2868 918 2927 Pbrastor
930 2867 969 2926 ad
983 2867 1105 2927 tribules
1123 2868 1215 2927 intro·

117 2958 236 3020 duceret
248 2960 282 3017 in
295 2962 407 3032 morbo,
428 2980 495 3019 eum
510 2978 596 3039 quem
611 2980 628 3018 e
644 2960 758 3018 Neaerae
771 2960 830 3019 filia
844 2967 1024 3037 susceperat,
1039 2966 1070 3016 et
1089 2957 1126 3017 ad
1141 2959 1215 3038 Bry-

116 3050 209 3113 tiadas
225 3053 361 3131 gentiles,
376 3072 498 3131 quorum
514 3064 545 3112 et
559 3053 622 3131 ipse
636 3053 775 3112 Pbrastor
791 3063 849 3123 est,
862 3051 943 3129 quod
962 3060 1084 3110 nossent
1103 3048 1218 3109 scilicet

117 3146 253 3222 gentiles,
262 3145 366 3203 mulier
380 3166 414 3206 ea
427 3165 565 3223 quenam
578 3155 668 3217 esset,
681 3164 769 3222 quam
783 3144 923 3202 Pbrastor
936 3143 1061 3222 primum
1080 3141 1215 3217 duxerat,

120 3236 230 3299 Neaerae
247 3239 339 3298 lilium
362 3248 394 3297 et
407 3238 559 3317 repudium
578 3237 719 3307 mulieris,
741 3255 869 3315 eumque
882 3237 985 3296 morbo
1003 3233 1164 3295 adductum
1177 3235 1216 3294 ad

119 3348 238 3409 puerum
253 3331 451 3409 recipiendum
466 3350 526 3393 nun
544 3330 721 3408 ignorarent,
735 3329 870 3409 rejiciunt
884 3348 1014 3408 puerum,
1028 3327 1117 3406 inque
1131 3346 1218 3387 suum

117 3422 217 3483 album
231 3442 292 3483 nou
305 3423 477 3483 inscribunt.
502 3423 578 3482 Cum
593 3442 660 3481 vero
676 3421 817 3480 Pbrastor
830 3421 872 3480 eis
886 3422 963 3481 diem
977 3419 1145 3482 dixissetob
1157 3439 1218 3480 non

120 3514 289 3597 iuscuptum
310 3535 394 3576 suum
417 3516 518 3586 filium,
542 3515 666 3594 gentiles
688 3533 755 3573 eum
779 3514 818 3573 ad
839 3514 979 3574 arbitrum
999 3514 1168 3593 provocant,
1186 3525 1220 3573 ut

121 3624 171 3685 per
183 3610 298 3687 integra
312 3627 394 3667 sacra
405 3610 528 3685 juraret,
541 3606 662 3667 omnino
681 3615 785 3686 putare
800 3625 840 3676 se,
855 3626 923 3666 eum
939 3626 1025 3666 suum
1039 3627 1104 3667 esse
1116 3606 1219 3679 filium,

123 3701 212 3761 ecive
225 3700 347 3759 muliere
361 3711 391 3759 et
403 3701 517 3778 legibus
531 3700 681 3780 desponsa
702 3710 882 3778 susceptum.
925 3699 992 3761 Hac
1015 3701 1219 3779 provocatione

125 3793 272 3869 gentilium
286 3793 366 3872 apud
382 3793 518 3853 arbitrum
533 3792 622 3864 facta,
636 3793 765 3853 deseruit
782 3792 987 3872 jusjurandum
1001 3792 1151 3864 Pbrastor,
1165 3811 1220 3850 nec

123 3882 236 3961 jurarit.
280 3885 355 3944 lloec
368 3904 436 3944 vere
459 3905 477 3944 a
499 3904 548 3943 me
568 3885 626 3944 dici
649 3896 684 3944 ut
700 3885 881 3966 intelligatis,
893 3887 996 3945 horum
1019 3884 1099 3944 vobis
1117 3893 1219 3957 testes,

125 3978 172 4055 qui
183 3978 389 4058 Brytiadarum
405 3979 609 4050 interfuerunt,
621 3979 774 4039 exhibebo.

139 4098 166 4131 b

589 4208 754 4271 TESTES.

160 4360 311 4414 timeamus
331 4364 495 4427 Cephalensis,
505 4364 654 4427 Xanthippus
668 4366 804 4420 Euroerdes,
816 4364 917 4411 llulabes
929 4362 1168 4425 Phalcrsut,hn1lus
1180 4366 1225 4411 ba·

134 4436 218 4499 eludes,
228 4444 365 4505 hptnsor
375 4442 518 4507 Algilismia,
531 4443 649 4507 llisippus
659 4438 1033 4507 cumaclensium
1046 4446 1075 4493 a
1082 4440 1247 4487 museum

654 4540 710 4597 Su
