2662 4792
184 270 241 325 838
620 266 836 327 EPlS'l'OLAE.

181 420 308 492 aienses,
328 420 406 480 salus
429 438 495 479 mea
512 439 590 479 cura
610 421 707 495 luerit,
726 442 795 482 cum
815 422 896 502 quod
918 420 1098 483 nullsrobia
1118 426 1267 485 ameum

179 513 284 594 injuria
295 514 336 572 ita
349 533 414 573 sum
427 521 579 584 tractatus,
593 524 654 572 tum
669 527 787 595 propter
799 525 926 575 vestram
944 514 1023 595 apud
1036 524 1155 575 exteros
1173 515 1269 577 existi·

179 606 345 667 mationem.
388 606 492 686 Neque
516 606 593 665 enim
612 608 733 685 putetis,
752 610 777 669 si
795 628 881 668 nemo
893 607 975 667 vobis
997 607 1029 666 in
1046 607 1217 669 memoriam
1227 628 1269 671 re·

179 698 254 777 digit
268 718 304 757 ea
316 709 447 777 tempora
460 718 570 776 easque
583 699 763 771 occasiones,
779 700 884 780 quibus
898 718 954 778 ego
967 698 1113 765 maximas
1133 698 1269 763 caliate·

178 791 264 850 attuli
278 791 468 871 Reipublicae,
483 791 611 869 reliquos
631 790 718 851 etiam
739 792 860 853 Graecos
875 791 1008 871 ignorare
1021 802 1075 851 aut
1087 790 1197 852 oblitos

178 903 272 943 rerum
289 904 365 943 ame
378 903 432 962 pro
445 882 528 943 robis
543 893 702 961 gestarum,
724 904 797 963 quas
819 904 874 963 ego
888 903 968 944 nune
991 883 1108 943 duabus
1127 883 1166 943 de
1179 902 1269 945 cauas

177 976 300 1035 scribere
321 995 423 1036 vereor
442 976 630 1055 singulatim:
651 985 713 1035 tum
736 977 816 1055 quod
840 976 977 1035 invidiam
998 973 1160 1035 reformido
1172 984 1270 1037 corsua

176 1086 264 1146 quam
277 1067 307 1126 in
321 1069 440 1128 veritate
454 1067 592 1128 orationis
607 1068 734 1146 praesidii
744 1069 819 1129 nibil
834 1078 889 1140 est,
910 1078 971 1127 tum
983 1068 1064 1147 quod
1078 1067 1174 1127 multa
1187 1078 1218 1129 et
1230 1069 1269 1129 in·

176 1162 267 1241 digna
279 1162 335 1222 illis
349 1164 435 1222 rebus
449 1171 566 1240 propter
580 1161 754 1239 reliquorum
766 1161 938 1222 Graecorum
949 1159 1097 1241 ignaviam
1110 1180 1190 1221 nunc
1201 1160 1268 1221 tole-

174 1274 239 1314 rare
258 1255 398 1333 cogimur.
439 1253 610 1314 Summatim
624 1274 691 1314 vero
713 1254 870 1314 illiusmodi
890 1274 925 1313 ea
949 1264 1029 1325 sunt,
1043 1272 1112 1332 qum
1125 1272 1181 1334 pro
1193 1252 1268 1313 robis

176 1366 233 1425 ego
256 1347 381 1426 suscepi,
394 1355 428 1406 ut
448 1357 479 1405 et
502 1346 634 1407 omnibus
658 1346 793 1420 felicitas,
807 1346 957 1425 virtusque
976 1354 1076 1411 vestra
1089 1344 1268 1407 admiration'

176 1450 265 1512 esset,
279 1451 310 1501 et
319 1461 375 1519 ego
386 1460 563 1500 summorum
578 1461 597 1500 a
609 1441 690 1500 vobis
704 1441 887 1519 praemiorum
899 1458 981 1518 spem
992 1438 1178 1521 propositam
1185 1439 1266 1499 baba·

176 1552 248 1593 rem.
277 1534 353 1592 Cum
366 1553 434 1594 vero
449 1532 620 1592 inevitabilis
635 1534 684 1592 illa
699 1532 829 1612 quidem,
842 1533 894 1592 sed
908 1531 1008 1611 iniqua
1017 1532 1150 1605 fortuna,
1164 1550 1222 1591 uon
1233 1550 1265 1591 ex

174 1626 321 1703 aequitate,
338 1626 392 1685 sed
405 1645 456 1704 pro
474 1646 528 1685 sua
546 1625 675 1697 libidine,
689 1637 858 1706 susceptum
872 1645 924 1704 pro
937 1625 1071 1685 libertate
1086 1624 1264 1697 Groeoomm,

174 1717 254 1795 quod
267 1738 320 1777 vos
334 1718 478 1796 gessistis,
501 1718 611 1777 bellam
626 1718 828 1798 dijudicasset,
841 1738 896 1778 nec
909 1718 1023 1797 reliquo
1033 1726 1170 1797 tempore
1178 1736 1264 1777 meu

173 1828 244 1887 erga
258 1829 309 1868 vos
323 1810 555 1869 benevolentiam
569 1811 671 1889 abjeci,
684 1830 740 1870 nec
754 1829 819 1869 eam
838 1810 899 1869 ulla
911 1830 942 1869 re
956 1808 1077 1880 mutavi,
1093 1829 1155 1868 non
1169 1807 1264 1889 gratia,

171 1918 231 1959 non
254 1920 317 1980 spe,
336 1920 396 1961 uon
418 1901 534 1972 divitiis,
556 1919 614 1961 non
638 1902 778 1981 potentia,
800 1922 859 1961 non
883 1901 1051 1963 securitate.
1094 1903 1262 1981 Quanquam

170 1992 304 2055 videbam
318 1994 415 2054 omnia
426 1994 492 2054 haec
506 1996 539 2056 iis
555 1995 733 2072 contingere,
749 1995 797 2075 qui
812 2007 915 2054 contra
927 2014 979 2053 vos
993 1994 1207 2073 rempublicam
1219 2012 1262 2073 ga·

170 2106 233 2147 rere
246 2086 381 2147 vellent·
406 2089 494 2155 Quod
516 2109 584 2150 vero
607 2089 637 2147 in
662 2086 760 2146 multis
783 2098 814 2146 et
831 2085 945 2166 magnis
965 2087 1189 2165 rebus,quibus
1202 2084 1262 2145 mibi

165 2180 232 2259 jure
256 2180 373 2260 gloriari
395 2180 475 2254 licet,
499 2181 656 2242 maximum
674 2179 873 2252 existimarim,
897 2199 956 2240 non
979 2179 1121 2240 dubitabo
1146 2178 1262 2240 seribere

170 2273 209 2332 ad
222 2293 284 2345 vos,
296 2294 362 2333 oum
373 2272 527 2355 Philippus
541 2276 615 2335 inter
628 2273 740 2352 eosqui
754 2274 791 2332 ab
802 2274 879 2332 omni
892 2292 955 2333 aevo
969 2282 1169 2332 memorantur
1182 2271 1262 2332 soler·

168 2365 299 2426 tissimus
312 2367 400 2426 fuerit
427 2369 464 2427 ad
486 2368 635 2428 hominum
656 2366 821 2425 voluntates
842 2366 979 2425 comitate
993 2377 1024 2425 et
1037 2363 1209 2425 affabilitate
1225 2362 1260 2423 sia

168 2460 223 2519 sibi
244 2461 462 2534 devinciendas,
483 2473 517 2521 ut
539 2462 577 2522 ad
601 2470 704 2520 nutum
726 2470 844 2538 paratos
867 2460 999 2531 haberet,
1013 2469 1043 2518 et
1065 2459 1261 2537 largitionibus

169 2572 269 2611 omnes
289 2571 411 2630 quorum
431 2554 529 2630 aliqua
547 2562 624 2611 esset
646 2552 676 2609 in
691 2550 802 2609 Graecis
827 2551 945 2608 urbibus
965 2549 1125 2608 auctoritas
1140 2568 1259 2609 corrum-

167 2645 291 2722 pendos,
307 2666 353 2704 me
371 2645 464 2701 solum
485 2647 521 2702 ab
542 2645 644 2700 horum
667 2654 771 2699 neutro
797 2662 861 2700 esso
882 2643 1010 2700 victum:
1032 2642 1063 2699 id
1085 2643 1258 2720 quodetiam

167 2755 246 2794 nunc
259 2737 339 2795 vobis
353 2736 511 2813 gloriosum
527 2746 588 2793 est:
600 2753 761 2812 quanquam
777 2754 854 2812 saepe
869 2753 1045 2811 congressus
1060 2746 1090 2794 et
1105 2735 1259 2795 collocutus
1282 2742 1287 2749 '

167 2827 220 2885 sim
235 2847 300 2885 cum
315 2827 450 2906 Philippo
470 2827 504 2885 iis
518 2826 555 2884 de
570 2827 655 2884 rebus
669 2832 786 2903 propter
803 2845 874 2902 quas
895 2846 947 2884 vos
962 2846 1007 2884 me
1022 2827 1155 2905 legatum
1173 2829 1258 2885 mitte·

166 2920 253 2990 batis,
268 2933 298 2979 et
311 2941 451 2999 magnam
466 2920 620 2999 pecuniam
632 2940 719 2997 quom
735 2920 783 2979 ille
798 2918 938 2979 offerebat
948 2920 1129 2999 repudiasse,
1144 2939 1256 2999 quarum

167 3033 262 3072 rerum
274 3015 384 3073 conscii
400 3014 482 3072 multi
497 3013 583 3072 etiam
602 3013 690 3070 hodie
704 3012 814 3070 vivunt.
856 3014 938 3080 Quos
953 3014 1023 3090 quid
1039 3014 1076 3071 de
1091 3015 1175 3074 vobis
1186 3012 1257 3093 judi·

166 3124 232 3164 care
255 3120 485 3166 consentaneum
505 3106 553 3181 sit,
578 3105 723 3183 cogitate:
745 3105 825 3183 quod
840 3106 917 3164 enim
938 3106 1026 3165 talem
1049 3107 1092 3166 ita
1109 3106 1257 3177 tractastis,

165 3198 196 3256 id
216 3220 289 3258 meae
311 3200 429 3277 quidem
451 3200 609 3259 calamitati
631 3198 743 3257 seilicet
766 3199 917 3270 tribuetur,
940 3199 1044 3257 sceleri
1068 3218 1257 3279 nequaquam,

165 3305 270 3351 vestrae
297 3305 394 3351 autem
415 3293 570 3370 iniquitati,
591 3312 680 3371 quam
699 3293 847 3352 infamiam
865 3292 977 3351 consilii
1001 3294 1164 3354 mutatione
1186 3294 1258 3354 dele-

164 3384 242 3442 bitis.
285 3386 352 3442 Jam
374 3404 409 3442 ea
432 3405 497 3462 quac
522 3385 582 3443 dixi
605 3387 702 3444 omnia
724 3385 835 3444 minora
854 3398 926 3464 puto
941 3385 1110 3445 continente
1125 3383 1258 3466 etquoti·

166 3473 253 3532 diana
267 3476 434 3553 reipublicae
456 3476 717 3547 administratione,
736 3477 765 3535 in
788 3498 847 3555 qua
873 3477 915 3536 ita
935 3497 979 3534 me
1002 3478 1093 3554 gessi,
1116 3490 1149 3537 ut
1170 3495 1258 3556 neque

164 3567 214 3624 ulli
236 3568 404 3640 iracundiae,
435 3589 530 3647 neque
560 3571 766 3640 simultatibus,
791 3590 885 3647 neque
913 3571 1021 3649 injusto
1050 3574 1188 3648 quaestui,
1215 3569 1258 3629 vel

163 3661 282 3741 publico
304 3661 349 3720 vel
375 3661 498 3740 privato,
521 3665 675 3732 servierim,
697 3683 792 3741 neque
819 3664 912 3722 ullum
936 3683 1066 3741 unquam
1091 3666 1138 3723 vel
1167 3666 1255 3724 civem

161 3754 208 3814 vel
237 3755 378 3834 hospitem
408 3756 462 3814 sim
491 3756 695 3828 calumniatus,
719 3776 814 3834 neque
839 3767 941 3815 contra
968 3776 1020 3815 vos
1050 3756 1184 3835 privatim
1215 3757 1256 3815 la·

164 3849 274 3909 cultate
300 3868 364 3908 mea
387 3869 469 3921 usus,
489 3849 551 3917 sed,
576 3850 600 3908 si
621 3851 691 3928 quid
714 3869 788 3928 opus
810 3861 898 3919 esset,
917 3849 1033 3928 publice
1054 3870 1107 3928 pro
1126 3850 1209 3910 vobis
1229 3849 1256 3907 iu

160 3942 312 4020 procinctu
339 3943 478 4003 steterim.
522 3942 609 4009 Quod
633 3963 700 4001 cum
723 3955 794 4002 natu
821 3942 990 4021 grandiores
1012 3943 1119 4013 norint,
1143 3959 1257 4022 mquam

161 4045 206 4093 est
227 4046 260 4094 ut
276 4035 437 4115 junioribus
460 4033 631 4093 concionem
651 4036 791 4093 adversus
807 4033 969 4113 Pythonem
986 4035 1163 4113 Byzantium
1180 4033 1256 4094 babi-

159 4137 220 4186 tam
242 4128 386 4202 indicetis,
401 4148 468 4187 curn
482 4128 619 4187 adductis
636 4128 807 4188 Graecorum
829 4128 934 4206 legatis
953 4128 1046 4199 affuit,
1062 4130 1183 4209 iujurias
1205 4148 1255 4188 uo·

158 4230 225 4277 strae
240 4222 317 4281 urbis
332 4232 520 4281 ostensurus:
543 4230 572 4278 et
588 4221 763 4280 contrarium
781 4222 843 4301 ejus
864 4221 945 4299 quod
964 4233 1096 4299 sperarat
1117 4234 1254 4301 expertus

158 4313 288 4384 recessit,
303 4315 352 4373 ubi
375 4334 431 4392 ego
455 4314 534 4372 solus
557 4324 703 4372 oratorum
726 4313 803 4374 illius
827 4316 963 4394 temporis
987 4328 1113 4376 vestram
1137 4334 1253 4375 causam

155 4401 286 4465 defendi.
330 4406 443 4467 Omitto
456 4416 527 4486 quot
542 4406 703 4485 legationes
718 4425 770 4483 pro
783 4409 864 4467 vobis
878 4407 1010 4483 obierim,
1024 4409 1052 4468 in
1068 4409 1174 4488 quibus
1194 4426 1252 4467 om·
