2662 4792
441 261 662 322 ADVERSUS
683 263 938 323 EUBULIDEM.
1140 265 1199 321 753

108 432 178 515 quid
201 432 292 509 eliqui
312 448 344 489 se
364 443 505 511 cognatos
528 432 591 512 ejus
618 451 683 492 esse
712 430 923 490 testificentur?
957 431 1093 491 Omnino.
1135 430 1198 490 Pri·

108 544 187 587 mum
209 523 377 584 consobrini
402 534 545 602 quotuor:
567 523 672 584 deinde
696 522 848 583 sobrinus:
874 534 953 603 post,
976 523 1026 602 qui
1047 523 1197 583 consobri-

107 638 162 679 oss
181 619 248 695 ejus
267 616 428 676 duxerunt:
450 616 573 678 curiales
586 617 674 677 item:
694 634 751 676 neo
766 635 826 676 nou
843 614 985 695 Apollinis
1005 615 1101 695 patrii,
1115 615 1196 675 Jovis

109 710 215 769 Hercei
229 708 369 787 gentiles:
391 707 497 769 deinde
510 708 648 789 liquibus
662 718 848 769 monumenta
862 718 932 768 sunt
948 708 1069 769 eadem:
1091 708 1197 768 deinde

109 794 282 881 m'uuicipes,
304 819 372 859 eum
394 819 473 879 soepe
493 811 524 861 et
543 802 698 881 probatum
718 820 793 872 esse,
813 810 843 860 et
860 800 1046 880 magistratus
1061 801 1198 879 gessisse,

108 894 168 955 suis
191 892 337 973 suffragiis
356 892 556 953 ostenderunt.
601 892 648 954 De
669 902 752 973 putre
773 892 870 973 igitur,
893 892 963 972 quid
985 892 1067 953 vobis
1086 892 1197 973 sequius

108 996 158 1047 snt
168 986 312 1047 sincerius
327 984 426 1047 afferre
442 985 624 1066 potuissem?
644 985 766 1046 Vocabo
784 994 880 1046 cutem
897 985 980 1046 robis
1002 996 1155 1065 cognatos,
1172 987 1197 1046 si

108 1078 214 1139 sultis:
246 1077 286 1138 (le
313 1090 403 1139 nistre
426 1099 513 1159 porro
539 1079 649 1141 audite.
690 1077 787 1139 Mutet
811 1078 883 1139 mihi
906 1090 952 1139 est
971 1078 1119 1151 Nicsrete,
1139 1079 1200 1141 filie

109 1170 289 1233 Demostrati
310 1171 482 1232 Melitensis.
534 1172 605 1253 Ejus
629 1171 758 1251 cognati,
780 1171 831 1250 qui
854 1172 1052 1232 testimonium
1078 1171 1198 1232 dicunt?

109 1260 238 1323 Primum
257 1264 397 1343 patruelis
419 1264 472 1325 lilii
488 1264 568 1325 duo:
587 1264 692 1325 deinde
711 1263 877 1324 consobrini
900 1263 999 1324 metris
1010 1283 1019 1322 τ
1031 1266 1108 1342 {post
1127 1263 1199 1322 Pro·

107 1356 233 1417 tomschi
245 1354 308 1428 filii,
322 1356 384 1438 ejus
401 1356 450 1435 qui
470 1367 592 1417 matrem
610 1376 705 1417 meam
725 1356 802 1439 prior
817 1355 939 1416 habuit:
961 1356 1067 1415 deinde
1085 1356 1135 1434 qui
1149 1375 1197 1416 so-

109 1468 201 1511 rorem
221 1468 319 1509 meum
338 1469 374 1509 ex
397 1449 592 1509 Protomucho
615 1448 708 1523 duxit,
729 1450 859 1510 Eunicus
880 1449 1105 1529 Cholergeusis:
1132 1460 1200 1529 post

107 1540 182 1601 lilius
195 1541 324 1602 sororis:
346 1542 417 1622 quin
431 1552 462 1603 et
481 1542 615 1603 curiones
635 1542 753 1621 cognati
766 1542 866 1603 matris
885 1551 917 1603 et
937 1542 1097 1621 municipes
1120 1539 1197 1601 idem

107 1644 175 1693 tout
194 1634 351 1695 testificati.
393 1635 473 1702 Quid
489 1634 576 1715 igitur
590 1635 734 1714 requiritis
755 1635 903 1716 emplius?
931 1636 1008 1695 Nom
1022 1644 1054 1695 et
1071 1655 1108 1694 ex
1121 1654 1196 1715 pros·

108 1725 213 1807 scripto
225 1726 327 1807 legum
340 1720 519 1789 contruxisse
533 1729 747 1788 matrimonium
760 1738 882 1809 petrem,
895 1738 926 1789 et
943 1728 1073 1809 nuptiale
1090 1747 1197 1787 munus

107 1818 243 1881 obtulisse
256 1820 425 1893 curialibus,
438 1831 528 1882 testes
543 1822 767 1882 confirmarunt:
789 1821 827 1881 sd
845 1822 910 1882 hoec
924 1831 1020 1883 autem
1040 1821 1196 1901 meipsum

107 1928 220 1993 quoque
233 1913 362 1985 ostendi,
375 1914 561 1995 participasse
574 1936 620 1975 res
633 1932 735 1975 omues
747 1934 814 1993 quoe
825 1914 934 1975 decent
945 1915 1099 1993 ingenuos.
1113 1916 1196 1981 Qus·

107 2016 221 2085 propter
242 2007 281 2065 ub
303 2007 438 2066 orunibus
456 2008 588 2087 partibus
605 2008 671 2087 jure
691 2018 722 2067 et
739 2008 947 2067 convenienter
959 2007 1020 2067 loto
1034 2025 1088 2086 pro
1111 2005 1195 2065 nobis

108 2097 255 2177 suffragio,
278 2099 413 2178 religiose
437 2101 673 2179 pronunciabitis.
714 2101 782 2161 Jam
800 2102 898 2173 etium,
914 2100 1048 2170 ludices,
1065 2098 1195 2159 sexriros

108 2186 304 2271 interrogetis,
320 2211 358 2251 un
379 2192 546 2270 parentibus
560 2193 766 2254 benefaciant:
786 2212 841 2271 ego
855 2212 924 2252 vcro
938 2212 956 2251 a
968 2202 1052 2271 patre
1065 2190 1195 2271 pupillus

109 2298 170 2342 sum
181 2285 315 2353 relictus,
330 2294 450 2343 matrem
465 2297 574 2357 autern,
588 2287 710 2345 obsecro
725 2305 778 2345 vos
797 2294 828 2344 et
841 2286 979 2355 obtestor,
993 2293 1027 2343 ut
1047 2283 1077 2342 in
1095 2282 1196 2363 patriis

108 2375 226 2455 sepelire
239 2376 424 2436 monimentis
437 2375 495 2435 hoc
508 2388 604 2437 restro
618 2364 755 2456 suffragio
769 2377 865 2449 liceat,
879 2396 917 2434 ne
930 2394 975 2434 mo
985 2375 1146 2455 prohibete,
1158 2393 1195 2433 ne

109 2476 248 2527 extorrem
272 2468 360 2547 agite,
376 2487 412 2527 ne
432 2469 567 2548 cognatis
587 2468 722 2550 spoliate,
737 2488 860 2548 quorum
874 2478 957 2529 tenta
971 2466 1126 2527 multitudo
1139 2478 1194 2537 est,

111 2580 145 2621 nc
157 2562 286 2642 denique
300 2582 345 2621 me
359 2563 481 2642 perdite.
522 2562 626 2624 Potius
644 2563 722 2623 enim
740 2582 828 2641 quam
843 2579 894 2621 eos
908 2559 1050 2631 deseram,
1063 2558 1087 2619 si
1102 2558 1139 2618 ab
1153 2559 1195 2618 eis

109 2657 271 2716 conservari
289 2675 347 2715 nou
366 2666 497 2735 potuero,
513 2676 559 2717 me
582 2658 645 2736 ipse
666 2655 847 2723 interficiam,
863 2664 897 2713 ut
919 2653 1023 2713 saltem
1042 2652 1079 2712 ab
1100 2651 1141 2711 eis
1163 2651 1193 2709 in

111 2748 200 2826 petrin
212 2747 345 2827 sepeliar.
611 2766 614 2772 ·
