2662 4792
170 270 228 327 832
480 267 667 329 EXORDIA
688 262 959 327 CONClONUM.

170 441 202 481 se
226 423 296 483 utile
318 422 426 503 aliquid
440 425 581 503 reperisse
599 432 683 503 putat
707 422 746 483 ad
765 422 922 482 dicendum
936 429 1056 501 surget:
1078 421 1133 481 sed
1153 436 1255 500 cogere

167 513 275 575 invitos
289 514 327 574 od
347 515 533 587 audiendum,
555 514 586 574 id
600 535 656 594 ego
669 534 788 596 prorsus
801 533 868 576 esse
882 523 965 595 turpe
979 512 1125 574 existimo.
1171 511 1257 593 Spero

169 617 277 681 autem,
291 607 316 666 si
339 607 408 666 mihi
427 606 513 667 hodie
536 607 748 679 auscultabitis,
768 626 823 668 vos
847 615 878 667 et
900 606 931 666 id
955 605 1035 684 quod
1058 604 1202 685 optimum
1214 616 1259 667 cst

167 698 274 759 rectius
287 698 440 771 electuros,
454 708 484 759 et
499 710 668 779 suggestum
682 698 944 760 conscendentium
966 715 1115 758 sermones
1133 698 1258 758 facturos

167 809 233 850 esse
254 792 367 850 breves.
408 791 489 859 Quid
511 791 601 869 igitur
620 790 752 851 suadeo?
784 791 924 863 Primum,
947 789 1155 861 Athenienses,
1170 798 1203 849 ut
1224 790 1258 849 de

167 880 214 940 his
227 881 298 961 ipsis
311 901 378 960 qum
391 882 422 941 in
435 881 641 944 deliberatione
655 893 725 944 sunt
740 881 934 963 prodeuntem
948 900 1094 960 quemque
1106 881 1204 941 dicere
1213 885 1258 958 ju·

166 972 271 1033 beatis.
312 974 410 1034 Mults
433 974 512 1036 enim
534 977 593 1036 olio
613 975 768 1056 complecti
791 974 923 1035 oratione
942 973 1038 1052 possis
1066 992 1162 1053 eoque
1181 973 1258 1035 dictu

162 1065 304 1145 jucunde,
319 1069 343 1128 si
363 1067 524 1147 praesertim
544 1080 579 1129 ut
600 1069 722 1131 istorum
743 1067 863 1147 quidam
880 1066 1007 1127 dicendo
1020 1066 1132 1127 valeas.
1173 1066 1259 1135 Quod

167 1160 192 1219 si
205 1169 321 1240 propter
336 1161 482 1221 audiendo
502 1163 593 1223 verba
605 1161 792 1235 convenistis,
806 1179 842 1221 ea
863 1170 924 1220 tum
938 1159 1032 1219 audiri
1053 1170 1118 1219 tum
1140 1159 1198 1219 dici
1210 1159 1259 1219 de·

165 1252 255 1312 bent:
277 1252 322 1313 sin
345 1253 383 1313 de
405 1273 501 1313 rerum
522 1254 640 1315 delectu
659 1253 856 1327 deliberaturi,
870 1270 975 1312 moneo
987 1271 1041 1311 vos
1065 1261 1099 1310 ut
1116 1250 1198 1331 ipses
1216 1270 1259 1311 res

166 1344 290 1404 maxime
308 1345 402 1406 nudos
421 1345 595 1426 dijudicetis,
610 1346 769 1427 repudietis
782 1345 877 1405 verbis
890 1344 1027 1404 omnibus
1040 1362 1108 1423 quoe
1123 1343 1259 1405 seducere

165 1446 298 1517 possunt.
340 1438 409 1500 Hoc
431 1438 518 1517 igitur
540 1459 632 1499 unum
656 1448 702 1500 est
724 1439 805 1518 quod
822 1437 907 1499 dico:
929 1436 1054 1497 alterum
1075 1435 1160 1510 illud,
1181 1434 1257 1516 quod

165 1530 291 1591 fortusse
315 1530 489 1611 quibusdem
522 1532 691 1593 admirabile
712 1530 854 1604 videatur,
880 1540 923 1603 ut,
945 1528 971 1589 si
996 1528 1145 1589 orationes
1171 1527 1258 1589 minui

166 1622 272 1696 velitis,
284 1642 351 1682 cum
365 1623 480 1683 silentio
494 1624 675 1684 auscultetis.
716 1623 795 1684 Nam
809 1624 847 1684 de
860 1621 1030 1701 ecquidem
1043 1620 1257 1701 quodsutlnsc

166 1725 218 1776 aut
230 1717 281 1776 illa
294 1715 472 1789 conducent,
487 1727 538 1775 aut
559 1737 624 1796 quae
648 1717 753 1796 quibus
774 1716 805 1776 in
819 1714 983 1795 Republica
996 1711 1181 1794 proefereudu
1194 1712 1256 1785 siut,

166 1826 262 1886 neque
273 1810 363 1869 verbe
375 1808 468 1867 multe
487 1817 658 1893 suppetunt,
671 1809 727 1869 nisi
740 1808 806 1888 quis
826 1809 935 1868 frustra
954 1806 1058 1885 nugari
1070 1805 1151 1879 velit,
1166 1823 1256 1885 nsque

165 1900 319 1980 quisquam
332 1899 435 1960 eedem
449 1899 597 1959 inculcare
611 1901 711 1960 denno
724 1900 820 1961 ausit:
837 1900 952 1979 justum
964 1906 1063 1958 autem
1079 1916 1145 1958 esse
1163 1898 1257 1959 dicero

164 2000 199 2051 ut
220 1993 323 2072 uliquis
347 1992 491 2067 audiatur,
505 1991 589 2053 etad
610 1993 765 2053 tumultum
786 1990 974 2073 respondere,
987 2001 1019 2051 et
1037 2008 1200 2051 sermonem
1222 2008 1255 2051 cx

166 2102 299 2147 sermone
313 2106 418 2159 serere,
433 2105 519 2147 nemo
542 2095 587 2147 est
610 2085 681 2167 quin
703 2085 805 2167 possit.
847 2083 1067 2145 Tumultuando
1089 2083 1179 2163 igitur
1200 2100 1253 2143 non

164 2179 327 2243 liberamini
339 2179 589 2255 omtionibus‚sed
603 2188 634 2239 et
647 2197 864 2260 supervacanee
876 2177 1014 2258 quaedsm
1027 2174 1128 2235 audire
1140 2190 1253 2235 necesso

166 2272 291 2333 hebetis.
334 2273 405 2334 Mea
427 2291 496 2335 vero
520 2271 665 2334 sententis
679 2271 717 2333 de
739 2272 785 2333 his
804 2272 892 2333 rebus
913 2270 951 2332 de
970 2269 1078 2351 quibus
1092 2266 1252 2331 deliberetis

164 2365 230 2428 haec
243 2373 299 2427 est.
