2708 4786
429 260 603 325 CONTRA
621 260 910 325 THEOORlNEll.
1139 304 1143 313 ·
1163 268 1222 327 toa

124 419 193 479 mihi
205 419 317 500 aliquid
329 418 407 500 aequi
419 419 621 501 responderet,
633 418 775 500 quidnam
788 416 1062 497 laceret-quando
1077 416 1111 478 id
1136 436 1223 479 suum

123 531 229 573 munus
243 512 449 586 esse.dioit,ut
469 531 521 573 eos
543 513 595 593 qui
614 512 762 573 contraria
781 509 898 591 legibus
915 509 1089 583 decernunt,
1102 529 1222 572 coerce·

123 612 208 678 at-,·
220 607 246 666 si
259 606 325 687 quis
340 604 419 686 apud
433 624 535 666 omnes
548 605 627 666 ciues
641 605 772 666 oratione
784 602 886 664 habita
898 610 928 662 et
936 603 1071 683 probata,
1081 601 1224 665 decerne·

122 705 177 769 ret,
186 696 276 759 licere
285 696 485 778 ignominiosis
496 705 528 757 et
536 697 645 760 aerariis
656 716 805 770 accusare,
814 695 952 768 indicare,
961 693 1084 768 deferre,
1094 714 1130 759 ea
1139 695 1226 757 deni-

123 807 183 866 que
192 809 278 869 agere
290 810 357 870 quae
364 809 444 850 nuno
451 790 534 870 leges
544 789 587 851 eis
600 789 796 859 interdicunt;
807 787 939 868 nunquid
949 787 1060 849 decreti
1073 796 1223 851 auctorem

122 880 297 942 violatarum
309 882 408 963 legum
422 891 577 944 accusaret
589 881 705 944 neone?
733 882 813 943 Nam
827 882 853 941 si
865 881 957 955 dicat,
968 899 1002 942 se
1019 899 1080 941 non
1092 901 1159 943 esse
1172 901 1225 944 ac-

122 984 302 1049 cusaturum,
316 984 362 1036 est
379 995 417 1035 ne
438 972 577 1036 babendo
597 977 625 1037 ei
641 975 728 1049 fides,
742 994 774 1035 se
790 993 852 1049 eos,
866 974 918 1053 qui
932 973 1063 1034 scribant
1076 977 1224 1037 contraria

123 1064 241 1144 legibus
263 1067 421 1127 observare
439 1065 611 1145 jactitantil
643 1066 688 1126 sin
709 1077 872 1139 accusaret,
885 1065 957 1146 quid
976 1064 1113 1144 iniquius,
1134 1086 1224 1147 quam

123 1156 180 1218 alio
205 1166 324 1219 auctore
346 1158 539 1231 intercedere,
554 1179 593 1219 ne
613 1158 646 1219 id
667 1158 831 1231 decretum,
846 1176 906 1238 quo
929 1177 965 1219 ea
983 1166 1116 1239 potestas
1138 1159 1225 1220 detur

122 1252 270 1324 omnibus,
282 1263 378 1312 ratum
389 1252 483 1325 fieret,
494 1261 525 1312 et
537 1251 727 1313 accusatione
737 1252 874 1312 instituta
880 1250 1034 1332 perspicue
1047 1250 1224 1328 adscribere,

122 1362 185 1404 rem
199 1364 267 1405 esse
278 1345 396 1424 legibus
408 1343 604 1416 interdictam,
618 1363 701 1404 nunc
721 1344 811 1405 istum
828 1344 926 1425 ipsum
946 1343 1084 1405 factitare
1102 1362 1225 1406 accusa-

121 1436 228 1511 tiones,
242 1456 311 1497 cum
324 1436 356 1496 id
378 1456 474 1515 neque
487 1457 505 1497 a
517 1437 627 1518 populo
642 1437 813 1518 impetrarit,
830 1455 927 1516 neque
945 1455 1009 1497 rem
1028 1436 1149 1516 publice
1170 1436 1225 1497 de-

120 1528 308 1590 liberandam
321 1530 515 1610 proposuerit,
527 1529 643 1611 legibus
656 1529 689 1591 id
702 1527 885 1591 vetantibus?
907 1528 1014 1590 Statim
1027 1537 1128 1601 autem
1135 1529 1225 1605 dicet,

119 1620 224 1701 inique
238 1641 340 1683 secum
353 1623 413 1702 agi,
434 1623 460 1683 si
471 1622 537 1684 haec
550 1622 605 1684 sibi
617 1622 713 1683 lacere
728 1641 788 1682 non
800 1621 900 1693 liceat,
912 1622 1073 1702 legumque
1084 1622 1225 1683 severita-

120 1722 195 1788 tem,
217 1714 324 1794 quibus
346 1714 465 1775 futurus
489 1714 528 1775 sit
551 1715 705 1786 obnoxius,
729 1715 755 1775 si
781 1715 948 1788 damnetur,
969 1714 1225 1779 commemorabit:

122 1804 207 1885 leges
230 1816 330 1867 autem
349 1825 411 1866 non
433 1805 559 1879 curabit,
572 1807 626 1867 sed
644 1814 756 1867 tantam
779 1806 834 1866 sibi
853 1806 917 1866 dari
936 1825 955 1866 a
974 1805 1057 1868 vobis
1075 1805 1225 1869 licentiam

121 1898 296 1979 postulabit,
309 1910 450 1979 quantam
463 1919 552 1960 nemo
564 1918 695 1980 unquam
708 1909 810 1980 petere
823 1898 880 1959 suit
892 1918 994 1961 ausus.

123 2022 129 2049 .-
166 1995 214 2053 13.
233 1993 303 2053 Jam
323 1992 404 2073 quod
418 1992 457 2055 ad
469 1993 647 2055 delationem
665 1995 781 2073 attinet,
795 2012 892 2073 neque
908 1993 1114 2069 Theocrinem,
1127 2013 1227 2076 nequo

122 2084 312 2148 defensorum
326 2087 390 2166 ejus
411 2086 516 2160 ullum,
536 2085 694 2166 quicquam
707 2085 786 2164 aequi
800 2084 969 2159 allaturum,
980 2086 1043 2146 fere
1055 2105 1159 2147 omnes
1172 2105 1226 2148 vos

122 2178 198 2241 scire
211 2177 345 2239 existimo
356 2199 365 2238 r
385 2179 448 2239 fore
462 2186 560 2239 autem
574 2177 709 2250 arbitror,
722 2186 757 2237 ut
776 2176 875 2238 dicere
887 2176 1055 2249 instituant,
1067 2197 1124 2239 nec
1137 2177 1228 2241 licere

124 2270 231 2331 deferri
243 2289 416 2351 quenquam
429 2289 540 2344 eorum,
553 2266 658 2350 quiin
683 2288 751 2329 arce
771 2289 832 2329 non
854 2269 913 2330 sint
932 2269 1075 2351 inscripti,
1087 2289 1183 2351 neque
1195 2271 1230 2333 in

123 2363 233 2426 oerariis
255 2384 308 2425 eos
330 2363 484 2425 habendos
498 2382 576 2435 esse,
596 2380 721 2442 quorum
740 2362 862 2423 nomina
881 2380 968 2431 nemo
987 2361 1143 2423 tradiderit
1155 2383 1228 2425 exa·

122 2455 263 2518 ctoribus.
303 2456 396 2526 Quasi
409 2475 477 2516 vero
490 2474 544 2516 vos
567 2455 664 2535 legem
684 2455 836 2535 ignoretis,
848 2474 916 2535 quae
935 2454 1045 2516 debere
1063 2456 1101 2515 ab
1123 2475 1161 2517 ea
1179 2455 1228 2519 die

119 2550 214 2630 jubet,
235 2568 326 2628 aqua
340 2549 496 2609 damnatus
516 2548 564 2620 sit,
579 2548 641 2609 sive
653 2547 762 2628 legem,
775 2547 836 2609 sive
854 2547 1009 2612 decretum
1021 2546 1153 2613 violarit:
1174 2560 1228 2611 aut

123 2630 185 2704 non
200 2643 335 2703 omnibus
348 2651 451 2703 notum
465 2641 514 2715 sit,
524 2640 625 2700 multis
638 2640 735 2701 modis
748 2641 850 2702 deberi
861 2641 975 2710 aerario,
987 2650 1018 2701 et
1027 2659 1079 2701 eos
1092 2641 1144 2721 qui
1152 2641 1228 2722 legi·

116 2735 296 2816 ,busparere
308 2735 409 2809 velint,
423 2734 547 2796 solvere.
588 2733 625 2794 ld
639 2733 719 2814 quod
731 2753 769 2795 ex
781 2734 848 2815 ipsa
860 2734 927 2816 lege
939 2734 1126 2816 perspicitur.
1158 2735 1226 2817 Age

123 2826 502 2907 deuuomibieapelegem
511 2826 604 2893 hanc.
1055 2844 1059 2851 ·

557 2962 562 2969 ’
633 2995 727 3056 Lux.

125 3139 268 3210 Audisne,
290 3147 324 3200 tu
348 3140 463 3218 impura
485 3136 608 3198 bellua?
628 3155 647 3198 a
669 3154 747 3216 qua
770 3135 837 3194 die
864 3135 1060 3196 debuerit
1086 3145 1153 3197 aut
1177 3136 1224 3199 le-

126 3252 211 3313 gem
234 3231 425 3293 violarit.
466 3231 526 3290 Sed
550 3249 600 3290 eos
624 3229 705 3290 illam
726 3247 843 3308 quoque
858 3226 957 3307 legem
976 3237 1147 3291 ostensuros
1161 3249 1226 3291 esse

121 3325 207 3385 vobis
231 3322 328 3394 audio,
342 3343 409 3403 quae
431 3322 531 3382 delere
550 3323 637 3402 jubet
650 3321 816 3400 inscriptos,
830 3319 855 3380 si
878 3320 989 3380 mulcta
1008 3320 1106 3382 soluta
1126 3322 1226 3398 fuerit,

120 3419 157 3479 ‘e't
168 3426 335 3496 rogaturos,
349 3416 498 3495 quomodo
512 3415 623 3475 mulcta
636 3433 748 3487 eorum,
767 3413 817 3492 qui
831 3432 891 3475 non
904 3413 1037 3494 inseripti
1057 3414 1127 3489 sint,
1138 3414 1228 3476 deleri

121 3504 238 3591 'possim
259 3510 427 3589 quasivero
449 3528 485 3568 ea
508 3527 569 3568 non
589 3507 627 3567 de
644 3506 793 3586 inscriptis
805 3506 865 3567 lata
881 3506 928 3580 sit,
943 3507 980 3567 de
995 3526 1055 3568 non
1068 3507 1227 3588 inscriptis,

121 3612 156 3663 at
170 3602 346 3664 debentibus
370 3611 479 3674 autem,
494 3599 543 3660 lex
563 3600 624 3673 illa,
638 3619 705 3678 quea
719 3599 805 3678 jubet
824 3618 862 3659 ex
882 3617 918 3658 ea
940 3598 988 3658 die
1008 3600 1124 3675 debere,
1139 3620 1229 3681 aqua

122 3697 286 3757 mulctatus
301 3696 349 3768 sit,
359 3689 495 3775 legemve
509 3703 561 3754 aut
572 3693 724 3754 decretum
738 3692 863 3753 violarit.
885 3692 965 3761 Quid
974 3693 1062 3774 igitur
1075 3713 1135 3754 non
1156 3714 1228 3774 neg·

124 3792 213 3853 lectae
237 3791 399 3872 scripturae,
419 3786 527 3868 inquit,
545 3808 593 3848 me
612 3805 752 3856 accusas,
775 3786 825 3866 qui
846 3805 913 3846 curn
936 3787 1071 3861 debeam,
1092 3806 1152 3846 non
1172 3787 1228 3846 sim

126 3882 308 3963 inscriptus?
330 3882 408 3951 Quia
420 3881 470 3942 lex
484 3901 545 3942 non
567 3880 598 3940 in
617 3899 669 3940 eos
683 3879 735 3959 qui
749 3879 867 3952 debent,
883 3889 914 3939 et
927 3878 1059 3961 inscripti
1074 3898 1134 3939 non
1147 3888 1227 3952 sunt,

124 3972 272 4056 neglectae
288 3975 438 4053 scripturas
449 3974 501 4034 dat
514 3973 676 4033 actionem:
692 3971 746 4032 sed
760 3971 791 4030 in
804 3990 864 4046 eos,
877 3970 928 4050 qui
938 3972 1070 4050 quamvis
1085 3970 1227 4052 inscripti,

128 4088 194 4130 non·
203 4067 304 4129 soluta
317 4066 485 4145 reipublicoe
499 4063 721 4134 mulcta-deleti
732 4062 849 4125 liserint.
871 4064 952 4144 cape
965 4062 1073 4142 legem,
1081 4081 1117 4122 ac
1125 4061 1227 4123 recita.

290 4180 293 4187 .
670 4160 676 4187 l

637 4270 727 4331 LEX.

122 4414 250 4483 -lluditis
265 4421 370 4501 legem,
388 4417 520 4492 ludices,
534 4424 634 4498 aperte
655 4415 763 4486 dicere,
778 4415 820 4475 si
843 4411 937 4493 quls
960 4409 1131 4473 serarius
1142 4429 1241 4475 mun
