<?xml version="1.0" encoding="UTF-8"?>
<!DOCTYPE html PUBLIC "-//W3C//DTD XHTML 1.0 Transitional//EN"
    "http://www.w3.org/TR/xhtml1/DTD/xhtml1-transitional.dtd">
<html xmlns="http://www.w3.org/1999/xhtml" xml:lang="en" lang="en">
 <head>
  <title>
</title>
<meta http-equiv="Content-Type" content="text/html;charset=utf-8" />
  <meta name='ocr-system' content='tesseract 3.04.00' />
  <meta name='ocr-capabilities' content='ocr_page ocr_carea ocr_par ocr_line ocrx_word'/>
</head>
<body>
  <div class='ocr_page' id='page_1' title='image "./demosthenisetsc00amergoog_0207.png"; bbox 0 0 2662 4792; ppageno 0'>
   <div class='ocr_carea' id='block_1_1' title="bbox 113 239 895 307">
    <p class='ocr_par' dir='ltr' id='par_1_1' title="bbox 113 239 895 307">
     <span class='ocr_line' id='line_1_1' title="bbox 113 239 895 307; baseline -0.004 -1"><span class='ocrx_word' id='word_1_1' title='bbox 113 246 172 306; x_wconf 79' lang='lat'><strong>698</strong></span> <span class='ocrx_word' id='word_1_2' title='bbox 420 242 641 307; x_wconf 80' lang='lat' dir='ltr'>ADVERSUS</span> <span class='ocrx_word' id='word_1_3' title='bbox 664 239 895 305; x_wconf 83' lang='lat' dir='ltr'><strong>POLYCLEM.</strong></span> 
     </span>
    </p>
   </div>
   <div class='ocr_carea' id='block_1_2' title="bbox 25 389 1215 4462">
    <p class='ocr_par' dir='ltr' id='par_1_2' title="bbox 25 389 1215 2605">
     <span class='ocr_line' id='line_1_2' title="bbox 113 389 1215 479; baseline -0.005 -20"><span class='ocrx_word' id='word_1_4' title='bbox 113 418 196 459; x_wconf 90' lang='lat' dir='ltr'><strong>orum</strong></span> <span class='ocrx_word' id='word_1_5' title='bbox 209 405 377 472; x_wconf 87' lang='lat' dir='ltr'><strong>mercatum,</strong></span> <span class='ocrx_word' id='word_1_6' title='bbox 389 398 530 473; x_wconf 86' lang='lat' dir='ltr'><strong>venimus,</strong></span> <span class='ocrx_word' id='word_1_7' title='bbox 539 408 571 460; x_wconf 89' lang='lat' dir='ltr'><strong>et</strong></span> <span class='ocrx_word' id='word_1_8' title='bbox 583 397 695 479; x_wconf 78' lang='lat' dir='ltr'>egressi</span> <span class='ocrx_word' id='word_1_9' title='bbox 707 417 743 459; x_wconf 90' lang='lat' dir='ltr'><strong>ac</strong></span> <span class='ocrx_word' id='word_1_10' title='bbox 753 397 850 478; x_wconf 85' lang='lat' dir='ltr'><strong>pransi</strong></span> <span class='ocrx_word' id='word_1_11' title='bbox 863 411 974 468; x_wconf 89' lang='lat' dir='ltr'><strong>sumus,</strong></span> <span class='ocrx_word' id='word_1_12' title='bbox 984 390 1023 454; x_wconf 88' lang='lat' dir='ltr'><strong>ad</strong></span> <span class='ocrx_word' id='word_1_13' title='bbox 1033 409 1080 453; x_wconf 90' lang='lat' dir='ltr'><strong>me</strong></span> <span class='ocrx_word' id='word_1_14' title='bbox 1089 389 1215 455; x_wconf 83' lang='lat' dir='ltr'><strong>accedit.</strong></span> 
     </span>
     <span class='ocr_line' id='line_1_3' title="bbox 113 485 1206 573; baseline -0.002 -20"><span class='ocrx_word' id='word_1_15' title='bbox 113 505 266 555; x_wconf 84' lang='lat' dir='ltr'><strong>nautarum</strong></span> <span class='ocrx_word' id='word_1_16' title='bbox 281 511 357 554; x_wconf 88' lang='lat' dir='ltr'><strong>unus</strong></span> <span class='ocrx_word' id='word_1_17' title='bbox 367 490 502 553; x_wconf 76' lang='lat' dir='ltr'><strong>Callicles</strong></span> <span class='ocrx_word' id='word_1_18' title='bbox 514 491 679 573; x_wconf 89' lang='lat' dir='ltr'><strong>Epitrephis</strong></span> <span class='ocrx_word' id='word_1_19' title='bbox 692 491 727 552; x_wconf 86' lang='lat' dir='ltr'><strong>F.</strong></span> <span class='ocrx_word' id='word_1_20' title='bbox 739 490 899 563; x_wconf 83' lang='lat' dir='ltr'><strong>Thriasius,</strong></span> <span class='ocrx_word' id='word_1_21' title='bbox 912 505 1029 549; x_wconf 86' lang='lat' dir='ltr'><strong>mecum</strong></span> <span class='ocrx_word' id='word_1_22' title='bbox 1041 485 1080 546; x_wconf 92' lang='lat' dir='ltr'><strong>de</strong></span> <span class='ocrx_word' id='word_1_23' title='bbox 1092 506 1125 547; x_wconf 93' lang='lat' dir='ltr'><strong>re</strong></span> <span class='ocrx_word' id='word_1_24' title='bbox 1138 504 1206 567; x_wconf 67' lang='lat' dir='ltr'><strong>quo</strong></span> 
     </span>
     <span class='ocr_line' id='line_1_4' title="bbox 112 577 1206 662; baseline -0.006 -17"><span class='ocrx_word' id='word_1_25' title='bbox 112 605 178 645; x_wconf 91' lang='lat' dir='ltr'><strong>mea</strong></span> <span class='ocrx_word' id='word_1_26' title='bbox 191 585 344 645; x_wconf 77' lang='lat' dir='ltr'><strong>interesset</strong></span> <span class='ocrx_word' id='word_1_27' title='bbox 359 584 569 645; x_wconf 89' lang='lat' dir='ltr'><strong>collocuturus.</strong></span> <span class='ocrx_word' id='word_1_28' title='bbox 610 584 687 644; x_wconf 92' lang='lat' dir='ltr'><strong>Cum</strong></span> <span class='ocrx_word' id='word_1_29' title='bbox 706 585 804 645; x_wconf 84' lang='lat' dir='ltr'><strong>dicere</strong></span> <span class='ocrx_word' id='word_1_30' title='bbox 820 581 988 662; x_wconf 89' lang='lat' dir='ltr'><strong>jussissem,</strong></span> <span class='ocrx_word' id='word_1_31' title='bbox 1000 598 1033 640; x_wconf 91' lang='lat' dir='ltr'><strong>se</strong></span> <span class='ocrx_word' id='word_1_32' title='bbox 1053 577 1126 639; x_wconf 91' lang='lat' dir='ltr'><strong>mihi</strong></span> <span class='ocrx_word' id='word_1_33' title='bbox 1138 597 1206 658; x_wconf 78' lang='lat' dir='ltr'><strong>gra·</strong></span> 
     </span>
     <span class='ocr_line' id='line_1_5' title="bbox 112 675 1206 757; baseline -0.005 -20"><span class='ocrx_word' id='word_1_34' title='bbox 112 678 182 738; x_wconf 76' lang='lat' dir='ltr'><strong>dam</strong></span> <span class='ocrx_word' id='word_1_35' title='bbox 203 678 362 738; x_wconf 89' lang='lat' dir='ltr'><strong>relaturum</strong></span> <span class='ocrx_word' id='word_1_36' title='bbox 376 678 418 737; x_wconf 91' lang='lat' dir='ltr'><strong>ait</strong></span> <span class='ocrx_word' id='word_1_37' title='bbox 430 687 572 757; x_wconf 89' lang='lat' dir='ltr'><strong>quantum</strong></span> <span class='ocrx_word' id='word_1_38' title='bbox 585 686 694 757; x_wconf 90' lang='lat' dir='ltr'><strong>posset,</strong></span> <span class='ocrx_word' id='word_1_39' title='bbox 708 676 788 756; x_wconf 93' lang='lat' dir='ltr'><strong>quod</strong></span> <span class='ocrx_word' id='word_1_40' title='bbox 806 675 860 735; x_wconf 90' lang='lat' dir='ltr'><strong>sibi</strong></span> <span class='ocrx_word' id='word_1_41' title='bbox 882 675 913 733; x_wconf 94' lang='lat' dir='ltr'><strong>in</strong></span> <span class='ocrx_word' id='word_1_42' title='bbox 932 680 1063 753; x_wconf 83' lang='lat' dir='ltr'><strong>egestate</strong></span> <span class='ocrx_word' id='word_1_43' title='bbox 1084 688 1206 733; x_wconf 86' lang='lat' dir='ltr'><strong>succur-</strong></span> 
     </span>
     <span class='ocr_line' id='line_1_6' title="bbox 111 767 1204 849; baseline -0.005 -19"><span class='ocrx_word' id='word_1_44' title='bbox 111 771 222 830; x_wconf 90' lang='lat' dir='ltr'><strong>rissem.</strong></span> <span class='ocrx_word' id='word_1_45' title='bbox 263 769 355 843; x_wconf 91' lang='lat' dir='ltr'><strong>Tune,</strong></span> <span class='ocrx_word' id='word_1_46' title='bbox 368 769 473 848; x_wconf 89' lang='lat' dir='ltr'><strong>inquit,</strong></span> <span class='ocrx_word' id='word_1_47' title='bbox 485 770 550 830; x_wconf 90' lang='lat' dir='ltr'><strong>haec</strong></span> <span class='ocrx_word' id='word_1_48' title='bbox 563 768 709 849; x_wconf 81' lang='lat' dir='ltr'><strong>navigatio</strong></span> <span class='ocrx_word' id='word_1_49' title='bbox 722 768 780 829; x_wconf 90' lang='lat' dir='ltr'><strong>scis</strong></span> <span class='ocrx_word' id='word_1_50' title='bbox 794 767 903 849; x_wconf 87' lang='lat' dir='ltr'><strong>quade</strong></span> <span class='ocrx_word' id='word_1_51' title='bbox 924 785 1016 826; x_wconf 90' lang='lat' dir='ltr'><strong>causa</strong></span> <span class='ocrx_word' id='word_1_52' title='bbox 1029 768 1126 845; x_wconf 86' lang='lat' dir='ltr'><strong>quove</strong></span> <span class='ocrx_word' id='word_1_53' title='bbox 1139 782 1204 825; x_wconf 82' lang='lat' dir='ltr'><strong>sus·</strong></span> 
     </span>
     <span class='ocr_line' id='line_1_7' title="bbox 111 857 1204 942; baseline -0.005 -20"><span class='ocrx_word' id='word_1_54' title='bbox 111 861 257 942; x_wconf 80' lang='lat' dir='ltr'><strong>cipiaturl</strong></span> <span class='ocrx_word' id='word_1_55' title='bbox 278 862 354 923; x_wconf 88' lang='lat' dir='ltr'><strong>Cum</strong></span> <span class='ocrx_word' id='word_1_56' title='bbox 377 862 594 942; x_wconf 86' lang='lat' dir='ltr'><strong>respondissem</strong></span> <span class='ocrx_word' id='word_1_57' title='bbox 611 882 659 924; x_wconf 92' lang='lat' dir='ltr'><strong>me</strong></span> <span class='ocrx_word' id='word_1_58' title='bbox 672 861 796 935; x_wconf 90' lang='lat' dir='ltr'><strong>nescire,</strong></span> <span class='ocrx_word' id='word_1_59' title='bbox 815 880 882 941; x_wconf 83' lang='lat' dir='ltr'><strong>ego,</strong></span> <span class='ocrx_word' id='word_1_60' title='bbox 907 858 1012 939; x_wconf 89' lang='lat' dir='ltr'><strong>inquit,</strong></span> <span class='ocrx_word' id='word_1_61' title='bbox 1026 857 1080 918; x_wconf 87' lang='lat' dir='ltr'><strong>tibi</strong></span> <span class='ocrx_word' id='word_1_62' title='bbox 1098 857 1204 919; x_wconf 89' lang='lat' dir='ltr'><strong>dicam.</strong></span> 
     </span>
     <span class='ocr_line' id='line_1_8' title="bbox 112 951 1205 1034; baseline -0.002 -21"><span class='ocrx_word' id='word_1_63' title='bbox 112 952 154 1013; x_wconf 92' lang='lat' dir='ltr'><strong>Te</strong></span> <span class='ocrx_word' id='word_1_64' title='bbox 173 972 244 1014; x_wconf 89' lang='lat' dir='ltr'><strong>vero</strong></span> <span class='ocrx_word' id='word_1_65' title='bbox 263 953 364 1013; x_wconf 90' lang='lat' dir='ltr'><strong>audita</strong></span> <span class='ocrx_word' id='word_1_66' title='bbox 375 955 546 1034; x_wconf 90' lang='lat' dir='ltr'><strong>reprudens</strong></span> <span class='ocrx_word' id='word_1_67' title='bbox 567 952 640 1015; x_wconf 90' lang='lat' dir='ltr'><strong>inire</strong></span> <span class='ocrx_word' id='word_1_68' title='bbox 660 951 815 1014; x_wconf 91' lang='lat' dir='ltr'><strong>consilium</strong></span> <span class='ocrx_word' id='word_1_69' title='bbox 833 951 995 1032; x_wconf 82' lang='lat' dir='ltr'><strong>oportebit:</strong></span> <span class='ocrx_word' id='word_1_70' title='bbox 1016 958 1156 1011; x_wconf 85' lang='lat' dir='ltr'><strong>vecturus</strong></span> <span class='ocrx_word' id='word_1_71' title='bbox 1173 968 1205 1011; x_wconf 89' lang='lat' dir='ltr'><strong>es</strong></span> 
     </span>
     <span class='ocr_line' id='line_1_9' title="bbox 110 1042 1206 1127; baseline 0 -22"><span class='ocrx_word' id='word_1_72' title='bbox 110 1045 257 1106; x_wconf 89' lang='lat' dir='ltr'><strong>hominem</strong></span> <span class='ocrx_word' id='word_1_73' title='bbox 271 1046 412 1117; x_wconf 82' lang='lat' dir='ltr'><strong>exsulem,</strong></span> <span class='ocrx_word' id='word_1_74' title='bbox 430 1066 518 1126; x_wconf 91' lang='lat' dir='ltr'><strong>quem</strong></span> <span class='ocrx_word' id='word_1_75' title='bbox 531 1047 725 1107; x_wconf 86' lang='lat' dir='ltr'><strong>Athenienses</strong></span> <span class='ocrx_word' id='word_1_76' title='bbox 744 1047 788 1108; x_wconf 90' lang='lat' dir='ltr'><strong>bis</strong></span> <span class='ocrx_word' id='word_1_77' title='bbox 807 1044 911 1127; x_wconf 90' lang='lat' dir='ltr'><strong>capitis</strong></span> <span class='ocrx_word' id='word_1_78' title='bbox 930 1045 1117 1119; x_wconf 82' lang='lat' dir='ltr'><strong>damnarunt,</strong></span> <span class='ocrx_word' id='word_1_79' title='bbox 1128 1042 1206 1105; x_wconf 82' lang='lat' dir='ltr'><strong>Cal·</strong></span> 
     </span>
     <span class='ocr_line' id='line_1_10' title="bbox 108 1134 1205 1218; baseline 0.002 -23"><span class='ocrx_word' id='word_1_80' title='bbox 108 1136 252 1199; x_wconf 90' lang='lat' dir='ltr'><strong>listratum</strong></span> <span class='ocrx_word' id='word_1_81' title='bbox 267 1138 413 1199; x_wconf 83' lang='lat' dir='ltr'><strong>Methone</strong></span> <span class='ocrx_word' id='word_1_82' title='bbox 424 1139 553 1199; x_wconf 83' lang='lat' dir='ltr'><strong>Thasum</strong></span> <span class='ocrx_word' id='word_1_83' title='bbox 567 1139 606 1200; x_wconf 89' lang='lat' dir='ltr'><strong>ad</strong></span> <span class='ocrx_word' id='word_1_84' title='bbox 619 1138 837 1199; x_wconf 87' lang='lat' dir='ltr'><strong>Timomachum</strong></span> <span class='ocrx_word' id='word_1_85' title='bbox 852 1157 1004 1218; x_wconf 85' lang='lat' dir='ltr'><strong>generum,</strong></span> <span class='ocrx_word' id='word_1_86' title='bbox 1024 1145 1057 1195; x_wconf 88' lang='lat' dir='ltr'><strong>ut</strong></span> <span class='ocrx_word' id='word_1_87' title='bbox 1078 1154 1148 1216; x_wconf 79' lang='lat' dir='ltr'><strong>ego,</strong></span> <span class='ocrx_word' id='word_1_88' title='bbox 1159 1134 1205 1197; x_wconf 84' lang='lat' dir='ltr'><strong>in·</strong></span> 
     </span>
     <span class='ocr_line' id='line_1_11' title="bbox 110 1226 1205 1315; baseline 0.001 -27"><span class='ocrx_word' id='word_1_89' title='bbox 110 1229 185 1308; x_wconf 91' lang='lat' dir='ltr'><strong>quit,</strong></span> <span class='ocrx_word' id='word_1_90' title='bbox 198 1249 215 1290; x_wconf 94' lang='lat' dir='ltr'><strong>e</strong></span> <span class='ocrx_word' id='word_1_91' title='bbox 235 1230 373 1315; x_wconf 57' lang='lat' dir='ltr'><strong>eurippi,</strong></span> <span class='ocrx_word' id='word_1_92' title='bbox 384 1230 481 1311; x_wconf 90' lang='lat' dir='ltr'><strong>pueris</strong></span> <span class='ocrx_word' id='word_1_93' title='bbox 500 1231 609 1292; x_wconf 87' lang='lat' dir='ltr'><strong>audivi.</strong></span> <span class='ocrx_word' id='word_1_94' title='bbox 649 1232 694 1292; x_wconf 92' lang='lat' dir='ltr'><strong>Tu</strong></span> <span class='ocrx_word' id='word_1_95' title='bbox 707 1226 806 1311; x_wconf 83' lang='lat' dir='ltr'><strong>igitur,</strong></span> <span class='ocrx_word' id='word_1_96' title='bbox 821 1230 847 1289; x_wconf 90' lang='lat' dir='ltr'><strong>si</strong></span> <span class='ocrx_word' id='word_1_97' title='bbox 856 1230 944 1310; x_wconf 89' lang='lat' dir='ltr'><strong>sapis,</strong></span> <span class='ocrx_word' id='word_1_98' title='bbox 957 1228 1106 1289; x_wconf 86' lang='lat' dir='ltr'><strong>neminem</strong></span> <span class='ocrx_word' id='word_1_99' title='bbox 1118 1246 1205 1289; x_wconf 81' lang='lat' dir='ltr'><strong>exsu-</strong></span> 
     </span>
     <span class='ocr_line' id='line_1_12' title="bbox 25 1316 1206 1406; baseline 0.002 -25"><span class='ocrx_word' id='word_1_100' title='bbox 25 1316 27 1321; x_wconf 73' lang='grc'><strong>’</strong></span> <span class='ocrx_word' id='word_1_101' title='bbox 110 1323 169 1383; x_wconf 93' lang='lat' dir='ltr'><strong>lem</strong></span> <span class='ocrx_word' id='word_1_102' title='bbox 178 1344 283 1385; x_wconf 82' lang='lat' dir='ltr'><strong>narem</strong></span> <span class='ocrx_word' id='word_1_103' title='bbox 295 1326 493 1387; x_wconf 82' lang='lat' dir='ltr'><strong>conscendere</strong></span> <span class='ocrx_word' id='word_1_104' title='bbox 507 1326 584 1387; x_wconf 89' lang='lat' dir='ltr'><strong>sines</strong></span> <span class='ocrx_word' id='word_1_105' title='bbox 594 1345 603 1386; x_wconf 78' lang='lat' dir='ltr'><strong>s</strong></span> <span class='ocrx_word' id='word_1_106' title='bbox 614 1335 662 1387; x_wconf 86' lang='lat' dir='ltr'><strong>est</strong></span> <span class='ocrx_word' id='word_1_107' title='bbox 668 1326 746 1386; x_wconf 94' lang='lat' dir='ltr'><strong>enim</strong></span> <span class='ocrx_word' id='word_1_108' title='bbox 756 1326 870 1406; x_wconf 81' lang='lat' dir='ltr'><strong>legibus</strong></span> <span class='ocrx_word' id='word_1_109' title='bbox 877 1324 1076 1386; x_wconf 90' lang='lat' dir='ltr'><strong>interdictum.</strong></span> <span class='ocrx_word' id='word_1_110' title='bbox 1091 1322 1206 1393; x_wconf 84' lang='lat' dir='ltr'><strong>Quibus</strong></span> 
     </span>
     <span class='ocr_line' id='line_1_13' title="bbox 112 1417 1207 1499; baseline 0.002 -24"><span class='ocrx_word' id='word_1_111' title='bbox 112 1434 200 1496; x_wconf 85' lang='lat' dir='ltr'><strong>egoe</strong></span> <span class='ocrx_word' id='word_1_112' title='bbox 216 1417 336 1478; x_wconf 83' lang='lat' dir='ltr'><strong>Callicle</strong></span> <span class='ocrx_word' id='word_1_113' title='bbox 360 1418 467 1479; x_wconf 89' lang='lat' dir='ltr'><strong>auditis</strong></span> <span class='ocrx_word' id='word_1_114' title='bbox 485 1418 595 1480; x_wconf 88' lang='lat' dir='ltr'><strong>accedo</strong></span> <span class='ocrx_word' id='word_1_115' title='bbox 614 1418 652 1478; x_wconf 89' lang='lat' dir='ltr'><strong>ad</strong></span> <span class='ocrx_word' id='word_1_116' title='bbox 671 1417 848 1499; x_wconf 82' lang='lat' dir='ltr'><strong>Callippum,</strong></span> <span class='ocrx_word' id='word_1_117' title='bbox 867 1436 991 1496; x_wconf 90' lang='lat' dir='ltr'><strong>eumque</strong></span> <span class='ocrx_word' id='word_1_118' title='bbox 1011 1434 1097 1495; x_wconf 85' lang='lat' dir='ltr'><strong>rogo,</strong></span> <span class='ocrx_word' id='word_1_119' title='bbox 1119 1433 1207 1497; x_wconf 63' lang='lat' dir='ltr'><strong>qumh</strong></span> 
     </span>
     <span class='ocr_line' id='line_1_14' title="bbox 112 1509 1207 1590; baseline 0.002 -22"><span class='ocrx_word' id='word_1_120' title='bbox 112 1529 178 1569; x_wconf 90' lang='lat' dir='ltr'><strong>sum</strong></span> <span class='ocrx_word' id='word_1_121' title='bbox 191 1510 319 1590; x_wconf 85' lang='lat' dir='ltr'><strong>naviget,</strong></span> <span class='ocrx_word' id='word_1_122' title='bbox 334 1530 449 1590; x_wconf 92' lang='lat' dir='ltr'><strong>quaque</strong></span> <span class='ocrx_word' id='word_1_123' title='bbox 463 1512 502 1571; x_wconf 95' lang='lat' dir='ltr'><strong>de</strong></span> <span class='ocrx_word' id='word_1_124' title='bbox 515 1530 616 1572; x_wconf 88' lang='lat' dir='ltr'><strong>causa.</strong></span> <span class='ocrx_word' id='word_1_125' title='bbox 657 1511 701 1570; x_wconf 92' lang='lat' dir='ltr'><strong>Eo</strong></span> <span class='ocrx_word' id='word_1_126' title='bbox 714 1531 784 1572; x_wconf 84' lang='lat' dir='ltr'><strong>vero</strong></span> <span class='ocrx_word' id='word_1_127' title='bbox 800 1531 848 1572; x_wconf 90' lang='lat' dir='ltr'><strong>me</strong></span> <span class='ocrx_word' id='word_1_128' title='bbox 861 1509 1012 1571; x_wconf 91' lang='lat' dir='ltr'><strong>deridente</strong></span> <span class='ocrx_word' id='word_1_129' title='bbox 1025 1518 1056 1569; x_wconf 89' lang='lat' dir='ltr'><strong>et</strong></span> <span class='ocrx_word' id='word_1_130' title='bbox 1077 1527 1115 1569; x_wconf 88' lang='lat' dir='ltr'><strong>ea</strong></span> <span class='ocrx_word' id='word_1_131' title='bbox 1126 1526 1207 1570; x_wconf 78' lang='lat' dir='ltr'><strong>oom-</strong></span> 
     </span>
     <span class='ocr_line' id='line_1_15' title="bbox 111 1600 1208 1685; baseline 0.002 -24"><span class='ocrx_word' id='word_1_132' title='bbox 111 1602 242 1663; x_wconf 89' lang='lat' dir='ltr'><strong>minante</strong></span> <span class='ocrx_word' id='word_1_133' title='bbox 265 1622 333 1681; x_wconf 90' lang='lat' dir='ltr'><strong>quae</strong></span> <span class='ocrx_word' id='word_1_134' title='bbox 351 1622 406 1662; x_wconf 89' lang='lat' dir='ltr'><strong>nec</strong></span> <span class='ocrx_word' id='word_1_135' title='bbox 424 1602 481 1683; x_wconf 91' lang='lat' dir='ltr'><strong>ipsi</strong></span> <span class='ocrx_word' id='word_1_136' title='bbox 504 1603 784 1685; x_wconf 81' lang='lat' dir='ltr'><strong>ignoratis—neque</strong></span> <span class='ocrx_word' id='word_1_137' title='bbox 810 1605 888 1665; x_wconf 91' lang='lat' dir='ltr'><strong>enim</strong></span> <span class='ocrx_word' id='word_1_138' title='bbox 910 1622 971 1663; x_wconf 91' lang='lat' dir='ltr'><strong>non</strong></span> <span class='ocrx_word' id='word_1_139' title='bbox 995 1600 1111 1681; x_wconf 81' lang='lat' dir='ltr'><strong>experti</strong></span> <span class='ocrx_word' id='word_1_140' title='bbox 1137 1601 1208 1663; x_wconf 83' lang='lat' dir='ltr'><strong>estis</strong></span> 
     </span>
     <span class='ocr_line' id='line_1_16' title="bbox 113 1693 1209 1775; baseline 0.003 -23"><span class='ocrx_word' id='word_1_141' title='bbox 113 1693 239 1774; x_wconf 86' lang='lat' dir='ltr'><strong>Callippi</strong></span> <span class='ocrx_word' id='word_1_142' title='bbox 259 1693 462 1772; x_wconf 82' lang='lat' dir='ltr'><strong>ingenium—,</strong></span> <span class='ocrx_word' id='word_1_143' title='bbox 484 1697 511 1756; x_wconf 90' lang='lat' dir='ltr'><strong>ei</strong></span> <span class='ocrx_word' id='word_1_144' title='bbox 526 1696 604 1770; x_wconf 91' lang='lat' dir='ltr'><strong>dico,</strong></span> <span class='ocrx_word' id='word_1_145' title='bbox 625 1697 713 1758; x_wconf 87' lang='lat' dir='ltr'><strong>audio</strong></span> <span class='ocrx_word' id='word_1_146' title='bbox 733 1708 762 1756; x_wconf 93' lang='lat' dir='ltr'><strong>te</strong></span> <span class='ocrx_word' id='word_1_147' title='bbox 785 1695 923 1775; x_wconf 85' lang='lat' dir='ltr'><strong>navigare</strong></span> <span class='ocrx_word' id='word_1_148' title='bbox 944 1693 983 1755; x_wconf 89' lang='lat' dir='ltr'><strong>ad</strong></span> <span class='ocrx_word' id='word_1_149' title='bbox 1006 1693 1209 1755; x_wconf 75' lang='lat' dir='ltr'><strong>Callistratum</strong></span> 
     </span>
     <span class='ocr_line' id='line_1_17' title="bbox 113 1784 1208 1866; baseline 0.003 -22"><span class='ocrx_word' id='word_1_150' title='bbox 113 1784 328 1845; x_wconf 90' lang='lat' dir='ltr'><strong>adducendum.</strong></span> <span class='ocrx_word' id='word_1_151' title='bbox 369 1787 434 1865; x_wconf 84' lang='lat' dir='ltr'><strong>Ego</strong></span> <span class='ocrx_word' id='word_1_152' title='bbox 449 1807 517 1848; x_wconf 85' lang='lat' dir='ltr'><strong>vero</strong></span> <span class='ocrx_word' id='word_1_153' title='bbox 531 1788 678 1848; x_wconf 91' lang='lat' dir='ltr'><strong>neminem</strong></span> <span class='ocrx_word' id='word_1_154' title='bbox 691 1789 835 1848; x_wconf 87' lang='lat' dir='ltr'><strong>exsulem·</strong></span> <span class='ocrx_word' id='word_1_155' title='bbox 848 1788 963 1861; x_wconf 85' lang='lat' dir='ltr'><strong>veham,</strong></span> <span class='ocrx_word' id='word_1_156' title='bbox 976 1805 1074 1866; x_wconf 91' lang='lat' dir='ltr'><strong>neque</strong></span> <span class='ocrx_word' id='word_1_157' title='bbox 1088 1786 1128 1848; x_wconf 89' lang='lat' dir='ltr'><strong>ad</strong></span> <span class='ocrx_word' id='word_1_158' title='bbox 1140 1804 1208 1847; x_wconf 82' lang='lat' dir='ltr'><strong>euru</strong></span> 
     </span>
     <span class='ocr_line' id='line_1_18' title="bbox 89 1877 1209 1958; baseline 0.003 -22"><span class='ocrx_word' id='word_1_159' title='bbox 89 1919 92 1925; x_wconf 87' lang='lat'><em>-</em></span> <span class='ocrx_word' id='word_1_160' title='bbox 112 1878 275 1956; x_wconf 85' lang='lat' dir='ltr'><strong>navigabo:</strong></span> <span class='ocrx_word' id='word_1_161' title='bbox 295 1877 378 1956; x_wconf 82' lang='lat' dir='ltr'><strong>leges</strong></span> <span class='ocrx_word' id='word_1_162' title='bbox 392 1878 468 1936; x_wconf 88' lang='lat' dir='ltr'><strong>enim</strong></span> <span class='ocrx_word' id='word_1_163' title='bbox 484 1899 544 1937; x_wconf 92' lang='lat' dir='ltr'><strong>non</strong></span> <span class='ocrx_word' id='word_1_164' title='bbox 557 1880 659 1937; x_wconf 92' lang='lat' dir='ltr'><strong>sinunt</strong></span> <span class='ocrx_word' id='word_1_165' title='bbox 673 1880 822 1958; x_wconf 87' lang='lat' dir='ltr'><strong>suscipere</strong></span> <span class='ocrx_word' id='word_1_166' title='bbox 836 1879 927 1939; x_wconf 93' lang='lat' dir='ltr'><strong>ullum</strong></span> <span class='ocrx_word' id='word_1_167' title='bbox 938 1879 1081 1952; x_wconf 81' lang='lat' dir='ltr'><strong>exsulem,</strong></span> <span class='ocrx_word' id='word_1_168' title='bbox 1094 1888 1149 1939; x_wconf 88' lang='lat' dir='ltr'><strong>aut</strong></span> <span class='ocrx_word' id='word_1_169' title='bbox 1159 1896 1209 1939; x_wconf 87' lang='lat' dir='ltr'><strong>eo·</strong></span> 
     </span>
     <span class='ocr_line' id='line_1_19' title="bbox 112 1969 1209 2051; baseline 0.002 -21"><span class='ocrx_word' id='word_1_170' title='bbox 112 1970 179 2030; x_wconf 91' lang='lat' dir='ltr'><strong>dem</strong></span> <span class='ocrx_word' id='word_1_171' title='bbox 200 1969 318 2029; x_wconf 89' lang='lat' dir='ltr'><strong>crimine</strong></span> <span class='ocrx_word' id='word_1_172' title='bbox 340 1970 433 2029; x_wconf 87' lang='lat' dir='ltr'><strong>teneri</strong></span> <span class='ocrx_word' id='word_1_173' title='bbox 448 1970 555 2050; x_wconf 91' lang='lat' dir='ltr'><strong>jubent</strong></span> <span class='ocrx_word' id='word_1_174' title='bbox 578 1990 646 2030; x_wconf 90' lang='lat' dir='ltr'><strong>eum</strong></span> <span class='ocrx_word' id='word_1_175' title='bbox 665 1971 714 2050; x_wconf 95' lang='lat' dir='ltr'><strong>qui</strong></span> <span class='ocrx_word' id='word_1_176' title='bbox 734 1971 895 2051; x_wconf 87' lang='lat' dir='ltr'><strong>susceperit</strong></span> <span class='ocrx_word' id='word_1_177' title='bbox 907 1992 965 2051; x_wconf 93' lang='lat' dir='ltr'><strong>quo</strong></span> <span class='ocrx_word' id='word_1_178' title='bbox 979 1971 1060 2051; x_wconf 91' lang='lat' dir='ltr'><strong>ipsos</strong></span> <span class='ocrx_word' id='word_1_179' title='bbox 1079 1970 1209 2033; x_wconf 85' lang='lat' dir='ltr'><strong>exsules.</strong></span> 
     </span>
     <span class='ocr_line' id='line_1_20' title="bbox 112 2061 1207 2141; baseline 0.004 -20"><span class='ocrx_word' id='word_1_180' title='bbox 112 2063 254 2123; x_wconf 85' lang='lat' dir='ltr'><strong>Revertar</strong></span> <span class='ocrx_word' id='word_1_181' title='bbox 263 2061 352 2140; x_wconf 79' lang='lat' dir='ltr'><strong>igitur</strong></span> <span class='ocrx_word' id='word_1_182' title='bbox 360 2081 427 2120; x_wconf 89' lang='lat' dir='ltr'><strong>cum</strong></span> <span class='ocrx_word' id='word_1_183' title='bbox 436 2082 508 2122; x_wconf 85' lang='lat' dir='ltr'><strong>nave</strong></span> <span class='ocrx_word' id='word_1_184' title='bbox 519 2061 557 2122; x_wconf 88' lang='lat' dir='ltr'><strong>ad</strong></span> <span class='ocrx_word' id='word_1_185' title='bbox 567 2062 687 2122; x_wconf 85' lang='lat' dir='ltr'><strong>ducem:</strong></span> <span class='ocrx_word' id='word_1_186' title='bbox 710 2082 835 2141; x_wconf 91' lang='lat' dir='ltr'><strong>cumque</strong></span> <span class='ocrx_word' id='word_1_187' title='bbox 847 2063 1091 2124; x_wconf 89' lang='lat' dir='ltr'><strong>conscendissent</strong></span> <span class='ocrx_word' id='word_1_188' title='bbox 1100 2073 1207 2137; x_wconf 77' lang='lat' dir='ltr'><strong>nautas,</strong></span> 
     </span>
     <span class='ocr_line' id='line_1_21' title="bbox 112 2155 1209 2237; baseline 0.001 -22"><span class='ocrx_word' id='word_1_189' title='bbox 112 2157 337 2235; x_wconf 84' lang='lat' dir='ltr'><strong>gubernatorem</strong></span> <span class='ocrx_word' id='word_1_190' title='bbox 347 2156 438 2235; x_wconf 89' lang='lat' dir='ltr'><strong>jubeo</strong></span> <span class='ocrx_word' id='word_1_191' title='bbox 451 2155 545 2216; x_wconf 91' lang='lat' dir='ltr'><strong>redire</strong></span> <span class='ocrx_word' id='word_1_192' title='bbox 570 2156 710 2216; x_wconf 88' lang='lat' dir='ltr'><strong>Thasum.</strong></span> <span class='ocrx_word' id='word_1_193' title='bbox 752 2155 934 2234; x_wconf 86' lang='lat' dir='ltr'><strong>Refragante</strong></span> <span class='ocrx_word' id='word_1_194' title='bbox 956 2155 1095 2236; x_wconf 92' lang='lat' dir='ltr'><strong>Callippo</strong></span> <span class='ocrx_word' id='word_1_195' title='bbox 1114 2166 1146 2217; x_wconf 92' lang='lat' dir='ltr'><strong>et</strong></span> <span class='ocrx_word' id='word_1_196' title='bbox 1160 2155 1209 2237; x_wconf 88' lang='lat' dir='ltr'><strong>ju·</strong></span> 
     </span>
     <span class='ocr_line' id='line_1_22' title="bbox 112 2247 1207 2328; baseline 0.001 -20"><span class='ocrx_word' id='word_1_197' title='bbox 112 2250 200 2309; x_wconf 90' lang='lat' dir='ltr'><strong>bente</strong></span> <span class='ocrx_word' id='word_1_198' title='bbox 225 2249 363 2327; x_wconf 84' lang='lat' dir='ltr'><strong>navigare</strong></span> <span class='ocrx_word' id='word_1_199' title='bbox 387 2248 417 2306; x_wconf 93' lang='lat' dir='ltr'><strong>in</strong></span> <span class='ocrx_word' id='word_1_200' title='bbox 439 2247 655 2322; x_wconf 91' lang='lat' dir='ltr'><strong>Macedoniam,</strong></span> <span class='ocrx_word' id='word_1_201' title='bbox 676 2268 736 2328; x_wconf 93' lang='lat' dir='ltr'><strong>quo</strong></span> <span class='ocrx_word' id='word_1_202' title='bbox 756 2248 817 2307; x_wconf 87' lang='lat' dir='ltr'><strong>dux</strong></span> <span class='ocrx_word' id='word_1_203' title='bbox 835 2248 983 2328; x_wconf 86' lang='lat' dir='ltr'><strong>jussisset,</strong></span> <span class='ocrx_word' id='word_1_204' title='bbox 1002 2247 1207 2328; x_wconf 76' lang='lat' dir='ltr'><strong>respondetei</strong></span> 
     </span>
     <span class='ocr_line' id='line_1_23' title="bbox 113 2338 1207 2420; baseline 0.003 -22"><span class='ocrx_word' id='word_1_205' title='bbox 113 2338 290 2419; x_wconf 91' lang='lat' dir='ltr'><strong>Posidippus</strong></span> <span class='ocrx_word' id='word_1_206' title='bbox 311 2341 497 2418; x_wconf 83' lang='lat' dir='ltr'><strong>gubernator,</strong></span> <span class='ocrx_word' id='word_1_207' title='bbox 512 2360 559 2399; x_wconf 89' lang='lat' dir='ltr'><strong>me</strong></span> <span class='ocrx_word' id='word_1_208' title='bbox 574 2349 606 2401; x_wconf 89' lang='lat' dir='ltr'><strong>et</strong></span> <span class='ocrx_word' id='word_1_209' title='bbox 617 2342 786 2420; x_wconf 82' lang='lat' dir='ltr'><strong>praefectum</strong></span> <span class='ocrx_word' id='word_1_210' title='bbox 801 2359 866 2400; x_wconf 89' lang='lat' dir='ltr'><strong>esse</strong></span> <span class='ocrx_word' id='word_1_211' title='bbox 879 2340 990 2402; x_wconf 87' lang='lat' dir='ltr'><strong>triremi</strong></span> <span class='ocrx_word' id='word_1_212' title='bbox 1004 2350 1035 2401; x_wconf 91' lang='lat' dir='ltr'><strong>et</strong></span> <span class='ocrx_word' id='word_1_213' title='bbox 1047 2340 1207 2403; x_wconf 82' lang='lat' dir='ltr'><strong>rationibus</strong></span> 
     </span>
     <span class='ocr_line' id='line_1_24' title="bbox 113 2431 1206 2514; baseline 0.004 -23"><span class='ocrx_word' id='word_1_214' title='bbox 113 2431 269 2492; x_wconf 89' lang='lat' dir='ltr'><strong>reddendis</strong></span> <span class='ocrx_word' id='word_1_215' title='bbox 284 2432 452 2506; x_wconf 87' lang='lat' dir='ltr'><strong>obnoxium,</strong></span> <span class='ocrx_word' id='word_1_216' title='bbox 466 2443 497 2491; x_wconf 88' lang='lat' dir='ltr'><strong>et</strong></span> <span class='ocrx_word' id='word_1_217' title='bbox 517 2451 551 2492; x_wconf 91' lang='lat' dir='ltr'><strong>se</strong></span> <span class='ocrx_word' id='word_1_218' title='bbox 572 2432 738 2494; x_wconf 88' lang='lat' dir='ltr'><strong>mercedem</strong></span> <span class='ocrx_word' id='word_1_219' title='bbox 757 2453 775 2492; x_wconf 93' lang='lat' dir='ltr'><strong>a</strong></span> <span class='ocrx_word' id='word_1_220' title='bbox 791 2452 840 2491; x_wconf 92' lang='lat' dir='ltr'><strong>me</strong></span> <span class='ocrx_word' id='word_1_221' title='bbox 863 2432 1004 2512; x_wconf 88' lang='lat' dir='ltr'><strong>accipere.</strong></span> <span class='ocrx_word' id='word_1_222' title='bbox 1046 2432 1206 2514; x_wconf 72' lang='lat' dir='ltr'><strong>Navigam-</strong></span> 
     </span>
     <span class='ocr_line' id='line_1_25' title="bbox 113 2514 918 2605; baseline 0.004 -23"><span class='ocrx_word' id='word_1_223' title='bbox 113 2543 179 2582; x_wconf 91' lang='lat' dir='ltr'><strong>rum</strong></span> <span class='ocrx_word' id='word_1_224' title='bbox 193 2514 281 2602; x_wconf 85' lang='lat' dir='ltr'><strong>igitur</strong></span> <span class='ocrx_word' id='word_1_225' title='bbox 289 2523 420 2583; x_wconf 87' lang='lat' dir='ltr'><strong>Thasum</strong></span> <span class='ocrx_word' id='word_1_226' title='bbox 436 2525 474 2583; x_wconf 85' lang='lat' dir='ltr'><strong>ad</strong></span> <span class='ocrx_word' id='word_1_227' title='bbox 488 2525 605 2597; x_wconf 90' lang='lat' dir='ltr'><strong>ducem,</strong></span> <span class='ocrx_word' id='word_1_228' title='bbox 617 2545 676 2605; x_wconf 93' lang='lat' dir='ltr'><strong>quo</strong></span> <span class='ocrx_word' id='word_1_229' title='bbox 688 2545 744 2604; x_wconf 87' lang='lat' dir='ltr'><strong>ego</strong></span> <span class='ocrx_word' id='word_1_230' title='bbox 753 2525 918 2605; x_wconf 87' lang='lat' dir='ltr'><strong>jussissem.</strong></span> 
     </span>
    </p>

    <p class='ocr_par' dir='ltr' id='par_1_3' title="bbox 113 2614 1210 3898">
     <span class='ocr_line' id='line_1_26' title="bbox 158 2614 1207 2692; baseline 0.006 -20"><span class='ocrx_word' id='word_1_231' title='bbox 158 2617 204 2673; x_wconf 89' lang='lat'><strong>14.</strong></span> <span class='ocrx_word' id='word_1_232' title='bbox 226 2614 370 2674; x_wconf 90' lang='lat' dir='ltr'><strong>Postridie</strong></span> <span class='ocrx_word' id='word_1_233' title='bbox 384 2635 451 2674; x_wconf 91' lang='lat' dir='ltr'><strong>cum</strong></span> <span class='ocrx_word' id='word_1_234' title='bbox 465 2616 592 2676; x_wconf 89' lang='lat' dir='ltr'><strong>Thasum</strong></span> <span class='ocrx_word' id='word_1_235' title='bbox 606 2617 795 2692; x_wconf 89' lang='lat' dir='ltr'><strong>redissemus,</strong></span> <span class='ocrx_word' id='word_1_236' title='bbox 809 2618 933 2678; x_wconf 87' lang='lat' dir='ltr'><strong>accersit</strong></span> <span class='ocrx_word' id='word_1_237' title='bbox 944 2638 990 2678; x_wconf 91' lang='lat' dir='ltr'><strong>me</strong></span> <span class='ocrx_word' id='word_1_238' title='bbox 1001 2619 1207 2681; x_wconf 89' lang='lat' dir='ltr'><strong>Timomachus</strong></span> 
     </span>
     <span class='ocr_line' id='line_1_27' title="bbox 113 2707 1208 2790; baseline 0.005 -24"><span class='ocrx_word' id='word_1_239' title='bbox 113 2708 144 2766; x_wconf 91' lang='lat' dir='ltr'><strong>in</strong></span> <span class='ocrx_word' id='word_1_240' title='bbox 158 2726 243 2766; x_wconf 88' lang='lat' dir='ltr'><strong>suum</strong></span> <span class='ocrx_word' id='word_1_241' title='bbox 256 2707 454 2781; x_wconf 89' lang='lat' dir='ltr'><strong>diversorium,</strong></span> <span class='ocrx_word' id='word_1_242' title='bbox 469 2710 549 2787; x_wconf 89' lang='lat' dir='ltr'><strong>quod</strong></span> <span class='ocrx_word' id='word_1_243' title='bbox 561 2721 624 2770; x_wconf 88' lang='lat' dir='ltr'><strong>erat</strong></span> <span class='ocrx_word' id='word_1_244' title='bbox 634 2720 714 2770; x_wconf 79' lang='lat' dir='ltr'><strong>entra</strong></span> <span class='ocrx_word' id='word_1_245' title='bbox 723 2711 839 2771; x_wconf 90' lang='lat' dir='ltr'><strong>moenia.</strong></span> <span class='ocrx_word' id='word_1_246' title='bbox 881 2713 946 2790; x_wconf 86' lang='lat' dir='ltr'><strong>Ego</strong></span> <span class='ocrx_word' id='word_1_247' title='bbox 955 2731 1025 2773; x_wconf 88' lang='lat' dir='ltr'><strong>vero</strong></span> <span class='ocrx_word' id='word_1_248' title='bbox 1039 2733 1078 2773; x_wconf 90' lang='lat' dir='ltr'><strong>ne</strong></span> <span class='ocrx_word' id='word_1_249' title='bbox 1088 2712 1208 2787; x_wconf 64' lang='lat' dir='ltr'><strong>vinciret</strong></span> 
     </span>
     <span class='ocr_line' id='line_1_28' title="bbox 113 2800 1208 2884; baseline 0.004 -25"><span class='ocrx_word' id='word_1_250' title='bbox 113 2800 228 2871; x_wconf 89' lang='lat' dir='ltr'><strong>timens,</strong></span> <span class='ocrx_word' id='word_1_251' title='bbox 242 2801 272 2859; x_wconf 90' lang='lat' dir='ltr'><strong>in</strong></span> <span class='ocrx_word' id='word_1_252' title='bbox 294 2800 469 2861; x_wconf 87' lang='lat' dir='ltr'><strong>calumniam</strong></span> <span class='ocrx_word' id='word_1_253' title='bbox 489 2800 635 2862; x_wconf 88' lang='lat' dir='ltr'><strong>adductus</strong></span> <span class='ocrx_word' id='word_1_254' title='bbox 658 2822 676 2862; x_wconf 90' lang='lat' dir='ltr'><strong>a</strong></span> <span class='ocrx_word' id='word_1_255' title='bbox 700 2803 846 2883; x_wconf 91' lang='lat' dir='ltr'><strong>Callippo,</strong></span> <span class='ocrx_word' id='word_1_256' title='bbox 869 2804 931 2884; x_wconf 91' lang='lat' dir='ltr'><strong>ipse</strong></span> <span class='ocrx_word' id='word_1_257' title='bbox 953 2823 1013 2864; x_wconf 93' lang='lat' dir='ltr'><strong>non</strong></span> <span class='ocrx_word' id='word_1_258' title='bbox 1034 2825 1136 2883; x_wconf 89' lang='lat' dir='ltr'><strong>pareo,</strong></span> <span class='ocrx_word' id='word_1_259' title='bbox 1157 2803 1208 2867; x_wconf 90' lang='lat' dir='ltr'><strong>sed</strong></span> 
     </span>
     <span class='ocr_line' id='line_1_29' title="bbox 114 2894 1208 2977; baseline 0.005 -25"><span class='ocrx_word' id='word_1_260' title='bbox 114 2894 245 2954; x_wconf 89' lang='lat' dir='ltr'><strong>ministro</strong></span> <span class='ocrx_word' id='word_1_261' title='bbox 266 2894 342 2966; x_wconf 94' lang='lat' dir='ltr'><strong>dico,</strong></span> <span class='ocrx_word' id='word_1_262' title='bbox 364 2896 476 2974; x_wconf 89' lang='lat' dir='ltr'><strong>siquid</strong></span> <span class='ocrx_word' id='word_1_263' title='bbox 498 2916 614 2956; x_wconf 88' lang='lat' dir='ltr'><strong>mecum</strong></span> <span class='ocrx_word' id='word_1_264' title='bbox 632 2918 718 2977; x_wconf 83' lang='lat' dir='ltr'><strong>agere</strong></span> <span class='ocrx_word' id='word_1_265' title='bbox 739 2897 837 2970; x_wconf 88' lang='lat' dir='ltr'><strong>vellet,</strong></span> <span class='ocrx_word' id='word_1_266' title='bbox 856 2898 949 2957; x_wconf 90' lang='lat' dir='ltr'><strong>mein</strong></span> <span class='ocrx_word' id='word_1_267' title='bbox 971 2898 1036 2957; x_wconf 84' lang='lat' dir='ltr'><strong>foro</strong></span> <span class='ocrx_word' id='word_1_268' title='bbox 1051 2899 1208 2959; x_wconf 85' lang='lat' dir='ltr'><strong>¹futurum:</strong></span> 
     </span>
     <span class='ocr_line' id='line_1_30' title="bbox 115 2989 1209 3071; baseline 0.005 -25"><span class='ocrx_word' id='word_1_269' title='bbox 115 2997 147 3046; x_wconf 93' lang='lat' dir='ltr'><strong>et</strong></span> <span class='ocrx_word' id='word_1_270' title='bbox 159 3007 282 3067; x_wconf 91' lang='lat' dir='ltr'><strong>puerum</strong></span> <span class='ocrx_word' id='word_1_271' title='bbox 294 3008 362 3048; x_wconf 90' lang='lat' dir='ltr'><strong>curn</strong></span> <span class='ocrx_word' id='word_1_272' title='bbox 373 3008 408 3049; x_wconf 91' lang='lat' dir='ltr'><strong>eo</strong></span> <span class='ocrx_word' id='word_1_273' title='bbox 422 2989 514 3060; x_wconf 90' lang='lat' dir='ltr'><strong>mitto,</strong></span> <span class='ocrx_word' id='word_1_274' title='bbox 528 3001 561 3049; x_wconf 93' lang='lat' dir='ltr'><strong>ut</strong></span> <span class='ocrx_word' id='word_1_275' title='bbox 574 2990 598 3048; x_wconf 89' lang='lat' dir='ltr'><strong>si</strong></span> <span class='ocrx_word' id='word_1_276' title='bbox 612 2991 682 3071; x_wconf 91' lang='lat' dir='ltr'><strong>quid</strong></span> <span class='ocrx_word' id='word_1_277' title='bbox 695 2990 743 3049; x_wconf 93' lang='lat' dir='ltr'><strong>ille</strong></span> <span class='ocrx_word' id='word_1_278' title='bbox 757 2991 921 3069; x_wconf 86' lang='lat' dir='ltr'><strong>imperaret,</strong></span> <span class='ocrx_word' id='word_1_279' title='bbox 934 2991 1004 3050; x_wconf 91' lang='lat' dir='ltr'><strong>mihi</strong></span> <span class='ocrx_word' id='word_1_280' title='bbox 1017 2993 1209 3052; x_wconf 84' lang='lat' dir='ltr'><strong>renunciaret.</strong></span> 
     </span>
     <span class='ocr_line' id='line_1_31' title="bbox 115 3081 1208 3166; baseline 0.004 -25"><span class='ocrx_word' id='word_1_281' title='bbox 115 3081 239 3162; x_wconf 91' lang='lat' dir='ltr'><strong>Propter</strong></span> <span class='ocrx_word' id='word_1_282' title='bbox 250 3083 305 3142; x_wconf 89' lang='lat' dir='ltr'><strong>has</strong></span> <span class='ocrx_word' id='word_1_283' title='bbox 320 3103 426 3143; x_wconf 89' lang='lat' dir='ltr'><strong>causas</strong></span> <span class='ocrx_word' id='word_1_284' title='bbox 446 3104 519 3163; x_wconf 92' lang='lat' dir='ltr'><strong>quas</strong></span> <span class='ocrx_word' id='word_1_285' title='bbox 532 3083 593 3142; x_wconf 85' lang='lat' dir='ltr'><strong>dixi</strong></span> <span class='ocrx_word' id='word_1_286' title='bbox 607 3085 699 3155; x_wconf 88' lang='lat' dir='ltr'><strong>vobis,</strong></span> <span class='ocrx_word' id='word_1_287' title='bbox 713 3085 921 3145; x_wconf 89' lang='lat' dir='ltr'><strong>Timomachus</strong></span> <span class='ocrx_word' id='word_1_288' title='bbox 935 3106 995 3145; x_wconf 91' lang='lat' dir='ltr'><strong>non</strong></span> <span class='ocrx_word' id='word_1_289' title='bbox 1008 3088 1110 3166; x_wconf 86' lang='lat' dir='ltr'><strong>coegit</strong></span> <span class='ocrx_word' id='word_1_290' title='bbox 1123 3087 1208 3147; x_wconf 88' lang='lat' dir='ltr'><strong>istum</strong></span> 
     </span>
     <span class='ocr_line' id='line_1_32' title="bbox 114 3177 1209 3257; baseline 0.005 -24"><span class='ocrx_word' id='word_1_291' title='bbox 114 3177 245 3256; x_wconf 89' lang='lat' dir='ltr'><strong>accipere</strong></span> <span class='ocrx_word' id='word_1_292' title='bbox 258 3195 383 3245; x_wconf 89' lang='lat' dir='ltr'><strong>navem;</strong></span> <span class='ocrx_word' id='word_1_293' title='bbox 404 3187 601 3257; x_wconf 87' lang='lat' dir='ltr'><strong>praetereaque</strong></span> <span class='ocrx_word' id='word_1_294' title='bbox 620 3177 683 3257; x_wconf 90' lang='lat' dir='ltr'><strong>ipse</strong></span> <span class='ocrx_word' id='word_1_295' title='bbox 696 3178 763 3238; x_wconf 90' lang='lat' dir='ltr'><strong>navi</strong></span> <span class='ocrx_word' id='word_1_296' title='bbox 775 3179 818 3237; x_wconf 91' lang='lat' dir='ltr'><strong>uti</strong></span> <span class='ocrx_word' id='word_1_297' title='bbox 835 3178 926 3238; x_wconf 90' lang='lat' dir='ltr'><strong>voluit</strong></span> <span class='ocrx_word' id='word_1_298' title='bbox 936 3178 1046 3257; x_wconf 91' lang='lat' dir='ltr'><strong>optime</strong></span> <span class='ocrx_word' id='word_1_299' title='bbox 1060 3180 1209 3240; x_wconf 87' lang='lat' dir='ltr'><strong>instructa.</strong></span> 
     </span>
     <span class='ocr_line' id='line_1_33' title="bbox 116 3266 1209 3350; baseline 0.006 -28"><span class='ocrx_word' id='word_1_300' title='bbox 116 3266 193 3326; x_wconf 89' lang='lat' dir='ltr'><strong>Nam</strong></span> <span class='ocrx_word' id='word_1_301' title='bbox 217 3268 417 3348; x_wconf 80' lang='lat' dir='ltr'><strong>Thrasylocho</strong></span> <span class='ocrx_word' id='word_1_302' title='bbox 432 3269 627 3348; x_wconf 79' lang='lat' dir='ltr'><strong>Anagyrasio,</strong></span> <span class='ocrx_word' id='word_1_303' title='bbox 647 3270 730 3349; x_wconf 89' lang='lat' dir='ltr'><strong>cujus</strong></span> <span class='ocrx_word' id='word_1_304' title='bbox 750 3269 815 3348; x_wconf 90' lang='lat' dir='ltr'><strong>ipse</strong></span> <span class='ocrx_word' id='word_1_305' title='bbox 838 3269 945 3330; x_wconf 88' lang='lat' dir='ltr'><strong>triremi</strong></span> <span class='ocrx_word' id='word_1_306' title='bbox 959 3270 1132 3345; x_wconf 87' lang='lat' dir='ltr'><strong>vehebatur,</strong></span> <span class='ocrx_word' id='word_1_307' title='bbox 1144 3290 1209 3350; x_wconf 89' lang='lat' dir='ltr'><strong>per-</strong></span> 
     </span>
     <span class='ocr_line' id='line_1_34' title="bbox 115 3359 1210 3442; baseline 0.006 -28"><span class='ocrx_word' id='word_1_308' title='bbox 115 3359 220 3417; x_wconf 88' lang='lat' dir='ltr'><strong>suadet</strong></span> <span class='ocrx_word' id='word_1_309' title='bbox 232 3369 266 3418; x_wconf 92' lang='lat' dir='ltr'><strong>ut</strong></span> <span class='ocrx_word' id='word_1_310' title='bbox 287 3360 422 3438; x_wconf 77' lang='lat' dir='ltr'><strong>Collippo</strong></span> <span class='ocrx_word' id='word_1_311' title='bbox 441 3360 645 3439; x_wconf 76' lang='lat' dir='ltr'><strong>praefecturam</strong></span> <span class='ocrx_word' id='word_1_312' title='bbox 659 3361 747 3432; x_wconf 93' lang='lat' dir='ltr'><strong>locet,</strong></span> <span class='ocrx_word' id='word_1_313' title='bbox 762 3381 820 3440; x_wconf 91' lang='lat' dir='ltr'><strong>quo</strong></span> <span class='ocrx_word' id='word_1_314' title='bbox 837 3360 988 3440; x_wconf 87' lang='lat' dir='ltr'><strong>Callippus</strong></span> <span class='ocrx_word' id='word_1_315' title='bbox 1001 3381 1079 3422; x_wconf 85' lang='lat' dir='ltr'><strong>nave</strong></span> <span class='ocrx_word' id='word_1_316' title='bbox 1100 3364 1210 3442; x_wconf 86' lang='lat' dir='ltr'><strong>potitus</strong></span> 
     </span>
     <span class='ocr_line' id='line_1_35' title="bbox 116 3451 1209 3532; baseline 0.008 -26"><span class='ocrx_word' id='word_1_317' title='bbox 116 3468 170 3508; x_wconf 88' lang='lat' dir='ltr'><strong>suo</strong></span> <span class='ocrx_word' id='word_1_318' title='bbox 183 3451 322 3510; x_wconf 87' lang='lat' dir='ltr'><strong>arbitratu</strong></span> <span class='ocrx_word' id='word_1_319' title='bbox 334 3452 534 3512; x_wconf 86' lang='lat' dir='ltr'><strong>Callistratum</strong></span> <span class='ocrx_word' id='word_1_320' title='bbox 545 3453 790 3513; x_wconf 88' lang='lat' dir='ltr'><strong>circumveheret:</strong></span> <span class='ocrx_word' id='word_1_321' title='bbox 811 3454 874 3532; x_wconf 88' lang='lat' dir='ltr'><strong>ipse</strong></span> <span class='ocrx_word' id='word_1_322' title='bbox 886 3473 966 3526; x_wconf 86' lang='lat' dir='ltr'><strong>vero,</strong></span> <span class='ocrx_word' id='word_1_323' title='bbox 981 3475 1048 3515; x_wconf 88' lang='lat' dir='ltr'><strong>mea</strong></span> <span class='ocrx_word' id='word_1_324' title='bbox 1058 3457 1127 3517; x_wconf 86' lang='lat' dir='ltr'><strong>navi</strong></span> <span class='ocrx_word' id='word_1_325' title='bbox 1140 3473 1209 3515; x_wconf 89' lang='lat' dir='ltr'><strong>con·</strong></span> 
     </span>
     <span class='ocr_line' id='line_1_36' title="bbox 115 3544 1210 3627; baseline 0.01 -29"><span class='ocrx_word' id='word_1_326' title='bbox 115 3560 228 3614; x_wconf 87' lang='lat' dir='ltr'><strong>scensa,</strong></span> <span class='ocrx_word' id='word_1_327' title='bbox 239 3544 341 3622; x_wconf 89' lang='lat' dir='ltr'><strong>quovis</strong></span> <span class='ocrx_word' id='word_1_328' title='bbox 355 3546 524 3624; x_wconf 85' lang='lat' dir='ltr'><strong>obnavigat,</strong></span> <span class='ocrx_word' id='word_1_329' title='bbox 535 3546 630 3606; x_wconf 88' lang='lat' dir='ltr'><strong>donec</strong></span> <span class='ocrx_word' id='word_1_330' title='bbox 644 3548 674 3605; x_wconf 93' lang='lat' dir='ltr'><strong>in</strong></span> <span class='ocrx_word' id='word_1_331' title='bbox 685 3548 908 3627; x_wconf 88' lang='lat' dir='ltr'><strong>Hellespontum</strong></span> <span class='ocrx_word' id='word_1_332' title='bbox 919 3549 1112 3625; x_wconf 89' lang='lat' dir='ltr'><strong>pervenisset.</strong></span> <span class='ocrx_word' id='word_1_333' title='bbox 1134 3550 1210 3611; x_wconf 86' lang='lat' dir='ltr'><strong>Cum</strong></span> 
     </span>
     <span class='ocr_line' id='line_1_37' title="bbox 115 3633 1209 3720; baseline 0.01 -30"><span class='ocrx_word' id='word_1_334' title='bbox 115 3641 213 3691; x_wconf 89' lang='lat' dir='ltr'><strong>autem</strong></span> <span class='ocrx_word' id='word_1_335' title='bbox 227 3633 253 3692; x_wconf 91' lang='lat' dir='ltr'><strong>ei</strong></span> <span class='ocrx_word' id='word_1_336' title='bbox 266 3635 429 3694; x_wconf 87' lang='lat' dir='ltr'><strong>triremibus</strong></span> <span class='ocrx_word' id='word_1_337' title='bbox 439 3637 502 3716; x_wconf 88' lang='lat' dir='ltr'><strong>jam</strong></span> <span class='ocrx_word' id='word_1_338' title='bbox 516 3657 575 3697; x_wconf 89' lang='lat' dir='ltr'><strong>non</strong></span> <span class='ocrx_word' id='word_1_339' title='bbox 589 3649 664 3698; x_wconf 88' lang='lat' dir='ltr'><strong>esset</strong></span> <span class='ocrx_word' id='word_1_340' title='bbox 679 3659 763 3718; x_wconf 91' lang='lat' dir='ltr'><strong>opus,</strong></span> <span class='ocrx_word' id='word_1_341' title='bbox 777 3640 885 3720; x_wconf 86' lang='lat' dir='ltr'><strong>Lycino</strong></span> <span class='ocrx_word' id='word_1_342' title='bbox 900 3640 1077 3707; x_wconf 87' lang='lat' dir='ltr'><strong>Pallenense</strong></span> <span class='ocrx_word' id='word_1_343' title='bbox 1091 3643 1209 3704; x_wconf 89' lang='lat' dir='ltr'><strong>ducein</strong></span> 
     </span>
     <span class='ocr_line' id='line_1_38' title="bbox 114 3727 1210 3811; baseline 0.01 -28"><span class='ocrx_word' id='word_1_344' title='bbox 114 3745 208 3784; x_wconf 88' lang='lat' dir='ltr'><strong>meam</strong></span> <span class='ocrx_word' id='word_1_345' title='bbox 228 3746 331 3786; x_wconf 87' lang='lat' dir='ltr'><strong>navem</strong></span> <span class='ocrx_word' id='word_1_346' title='bbox 346 3727 500 3800; x_wconf 86' lang='lat' dir='ltr'><strong>collocato,</strong></span> <span class='ocrx_word' id='word_1_347' title='bbox 518 3731 567 3810; x_wconf 91' lang='lat' dir='ltr'><strong>qui</strong></span> <span class='ocrx_word' id='word_1_348' title='bbox 586 3732 742 3811; x_wconf 90' lang='lat' dir='ltr'><strong>pecuniam</strong></span> <span class='ocrx_word' id='word_1_349' title='bbox 758 3732 887 3811; x_wconf 91' lang='lat' dir='ltr'><strong>quotidie</strong></span> <span class='ocrx_word' id='word_1_350' title='bbox 906 3734 1003 3793; x_wconf 86' lang='lat' dir='ltr'><strong>nautis</strong></span> <span class='ocrx_word' id='word_1_351' title='bbox 1017 3734 1114 3808; x_wconf 86' lang='lat' dir='ltr'><strong>daret,</strong></span> <span class='ocrx_word' id='word_1_352' title='bbox 1133 3736 1210 3796; x_wconf 84' lang='lat' dir='ltr'><strong>abire</strong></span> 
     </span>
     <span class='ocr_line' id='line_1_39' title="bbox 115 3817 463 3898; baseline 0.009 -22"><span class='ocrx_word' id='word_1_353' title='bbox 115 3817 235 3878; x_wconf 91' lang='lat' dir='ltr'><strong>domum</strong></span> <span class='ocrx_word' id='word_1_354' title='bbox 246 3839 292 3879; x_wconf 91' lang='lat' dir='ltr'><strong>me</strong></span> <span class='ocrx_word' id='word_1_355' title='bbox 302 3820 396 3898; x_wconf 82' lang='lat' dir='ltr'><strong>jubet</strong></span> <span class='ocrx_word' id='word_1_356' title='bbox 451 3877 463 3898; x_wconf 52' lang='lat'><strong>„</strong></span> 
     </span>
    </p>

    <p class='ocr_par' dir='ltr' id='par_1_4' title="bbox 114 3911 1211 4462">
     <span class='ocr_line' id='line_1_40' title="bbox 158 3911 1211 4000; baseline 0.013 -30"><span class='ocrx_word' id='word_1_357' title='bbox 158 3915 205 3971; x_wconf 81' lang='lat'><strong>15.</strong></span> <span class='ocrx_word' id='word_1_358' title='bbox 228 3912 262 3970; x_wconf 90' lang='lat' dir='ltr'><strong>ln</strong></span> <span class='ocrx_word' id='word_1_359' title='bbox 284 3931 319 3970; x_wconf 90' lang='lat' dir='ltr'><strong>eo</strong></span> <span class='ocrx_word' id='word_1_360' title='bbox 337 3911 440 3970; x_wconf 88' lang='lat' dir='ltr'><strong>itinere</strong></span> <span class='ocrx_word' id='word_1_361' title='bbox 453 3911 564 3973; x_wconf 90' lang='lat' dir='ltr'><strong>Tenedi</strong></span> <span class='ocrx_word' id='word_1_362' title='bbox 584 3935 650 3975; x_wconf 89' lang='lat' dir='ltr'><strong>curn</strong></span> <span class='ocrx_word' id='word_1_363' title='bbox 670 3935 811 3989; x_wconf 90' lang='lat' dir='ltr'><strong>essemus,</strong></span> <span class='ocrx_word' id='word_1_364' title='bbox 825 3938 996 3997; x_wconf 88' lang='lat' dir='ltr'><strong>cumneque</strong></span> <span class='ocrx_word' id='word_1_365' title='bbox 1011 3920 1150 4000; x_wconf 85' lang='lat' dir='ltr'><strong>Lycinus,</strong></span> <span class='ocrx_word' id='word_1_366' title='bbox 1164 3922 1211 3983; x_wconf 88' lang='lat' dir='ltr'><strong>cui</strong></span> 
     </span>
     <span class='ocr_line' id='line_1_41' title="bbox 115 4002 1211 4093; baseline 0.014 -33"><span class='ocrx_word' id='word_1_367' title='bbox 115 4002 321 4063; x_wconf 88' lang='lat' dir='ltr'><strong>Timomachus</strong></span> <span class='ocrx_word' id='word_1_368' title='bbox 345 4003 375 4061; x_wconf 94' lang='lat' dir='ltr'><strong>id</strong></span> <span class='ocrx_word' id='word_1_369' title='bbox 400 4005 561 4077; x_wconf 87' lang='lat' dir='ltr'><strong>mandarat,</strong></span> <span class='ocrx_word' id='word_1_370' title='bbox 586 4008 682 4066; x_wconf 84' lang='lat' dir='ltr'><strong>nautis</strong></span> <span class='ocrx_word' id='word_1_371' title='bbox 703 4008 879 4088; x_wconf 91' lang='lat' dir='ltr'><strong>stipendium</strong></span> <span class='ocrx_word' id='word_1_372' title='bbox 905 4011 1152 4093; x_wconf 83' lang='lat' dir='ltr'><strong>solverer—quod</strong></span> <span class='ocrx_word' id='word_1_373' title='bbox 1179 4035 1211 4075; x_wconf 88' lang='lat' dir='ltr'><strong>se</strong></span> 
     </span>
     <span class='ocr_line' id='line_1_42' title="bbox 115 4096 1210 4180; baseline 0.014 -27"><span class='ocrx_word' id='word_1_374' title='bbox 115 4115 249 4155; x_wconf 90' lang='lat' dir='ltr'><strong>nummos</strong></span> <span class='ocrx_word' id='word_1_375' title='bbox 273 4115 332 4155; x_wconf 91' lang='lat' dir='ltr'><strong>non</strong></span> <span class='ocrx_word' id='word_1_376' title='bbox 352 4096 472 4168; x_wconf 87' lang='lat' dir='ltr'><strong>habere,</strong></span> <span class='ocrx_word' id='word_1_377' title='bbox 496 4098 549 4155; x_wconf 89' lang='lat' dir='ltr'><strong>sed</strong></span> <span class='ocrx_word' id='word_1_378' title='bbox 571 4100 722 4178; x_wconf 87' lang='lat' dir='ltr'><strong>Mitylenis</strong></span> <span class='ocrx_word' id='word_1_379' title='bbox 746 4112 934 4180; x_wconf 88' lang='lat' dir='ltr'><strong>accepturum</strong></span> <span class='ocrx_word' id='word_1_380' title='bbox 957 4123 1023 4163; x_wconf 90' lang='lat' dir='ltr'><strong>esse</strong></span> <span class='ocrx_word' id='word_1_381' title='bbox 1048 4105 1210 4179; x_wconf 88' lang='lat' dir='ltr'><strong>diceret-,</strong></span> 
     </span>
     <span class='ocr_line' id='line_1_43' title="bbox 115 4192 1209 4279; baseline 0.012 -32"><span class='ocrx_word' id='word_1_382' title='bbox 115 4211 209 4271; x_wconf 88' lang='lat' dir='ltr'><strong>neque</strong></span> <span class='ocrx_word' id='word_1_383' title='bbox 232 4192 370 4252; x_wconf 89' lang='lat' dir='ltr'><strong>militibus</strong></span> <span class='ocrx_word' id='word_1_384' title='bbox 393 4201 471 4251; x_wconf 88' lang='lat' dir='ltr'><strong>esset</strong></span> <span class='ocrx_word' id='word_1_385' title='bbox 492 4193 569 4251; x_wconf 89' lang='lat' dir='ltr'><strong>unde</strong></span> <span class='ocrx_word' id='word_1_386' title='bbox 594 4208 789 4256; x_wconf 89' lang='lat' dir='ltr'><strong>commeatum</strong></span> <span class='ocrx_word' id='word_1_387' title='bbox 803 4210 941 4270; x_wconf 87' lang='lat' dir='ltr'><strong>emerent,</strong></span> <span class='ocrx_word' id='word_1_388' title='bbox 957 4210 985 4258; x_wconf 91' lang='lat' dir='ltr'><strong>et</strong></span> <span class='ocrx_word' id='word_1_389' title='bbox 1002 4200 1098 4279; x_wconf 90' lang='lat' dir='ltr'><strong>jejuni</strong></span> <span class='ocrx_word' id='word_1_390' title='bbox 1116 4220 1209 4263; x_wconf 88' lang='lat' dir='ltr'><strong>remos</strong></span> 
     </span>
     <span class='ocr_line' id='line_1_44' title="bbox 116 4287 1210 4376; baseline 0.014 -38"><span class='ocrx_word' id='word_1_391' title='bbox 116 4301 202 4359; x_wconf 82' lang='lat' dir='ltr'><strong>agere</strong></span> <span class='ocrx_word' id='word_1_392' title='bbox 216 4305 274 4345; x_wconf 91' lang='lat' dir='ltr'><strong>non</strong></span> <span class='ocrx_word' id='word_1_393' title='bbox 289 4294 424 4364; x_wconf 89' lang='lat' dir='ltr'><strong>possent:</strong></span> <span class='ocrx_word' id='word_1_394' title='bbox 446 4304 543 4344; x_wconf 88' lang='lat' dir='ltr'><strong>rursus</strong></span> <span class='ocrx_word' id='word_1_395' title='bbox 558 4306 614 4364; x_wconf 83' lang='lat' dir='ltr'><strong>ego</strong></span> <span class='ocrx_word' id='word_1_396' title='bbox 627 4287 737 4349; x_wconf 89' lang='lat' dir='ltr'><strong>civibus</strong></span> <span class='ocrx_word' id='word_1_397' title='bbox 757 4291 878 4350; x_wconf 85' lang='lat' dir='ltr'><strong>testibus</strong></span> <span class='ocrx_word' id='word_1_398' title='bbox 895 4292 1043 4365; x_wconf 85' lang='lat' dir='ltr'><strong>adhibitis,</strong></span> <span class='ocrx_word' id='word_1_399' title='bbox 1058 4295 1210 4376; x_wconf 85' lang='lat' dir='ltr'><strong>Polyclem</strong></span> 
     </span>
     <span class='ocr_line' id='line_1_45' title="bbox 114 4372 1211 4462; baseline 0.021 -32"><span class='ocrx_word' id='word_1_400' title='bbox 114 4372 223 4435; x_wconf 87' lang='lat' dir='ltr'><strong>Tenedi</strong></span> <span class='ocrx_word' id='word_1_401' title='bbox 237 4397 401 4458; x_wconf 84' lang='lat' dir='ltr'><strong>aggressus,</strong></span> <span class='ocrx_word' id='word_1_402' title='bbox 414 4389 444 4438; x_wconf 88' lang='lat' dir='ltr'><strong>et</strong></span> <span class='ocrx_word' id='word_1_403' title='bbox 458 4398 561 4440; x_wconf 86' lang='lat' dir='ltr'><strong>navem</strong></span> <span class='ocrx_word' id='word_1_404' title='bbox 576 4380 718 4461; x_wconf 88' lang='lat' dir='ltr'><strong>accipere,</strong></span> <span class='ocrx_word' id='word_1_405' title='bbox 733 4394 765 4443; x_wconf 92' lang='lat' dir='ltr'><strong>ut</strong></span> <span class='ocrx_word' id='word_1_406' title='bbox 783 4404 991 4462; x_wconf 90' lang='lat' dir='ltr'><strong>successorem,</strong></span> <span class='ocrx_word' id='word_1_407' title='bbox 1006 4388 1124 4449; x_wconf 89' lang='lat' dir='ltr'><strong>etmihi</strong></span> <span class='ocrx_word' id='word_1_408' title='bbox 1146 4389 1211 4452; x_wconf 79' lang='lat' dir='ltr'><strong>red·</strong></span> 
     </span>
    </p>
   </div>
   <div class='ocr_carea' id='block_1_3' title="bbox 0 0 1338 4792">
    <p class='ocr_par' dir='ltr' id='par_1_5' title="bbox 0 0 1338 4792">
     <span class='ocr_line' id='line_1_46' title="bbox 0 0 1338 4792; baseline 0 0"><span class='ocrx_word' id='word_1_409' title='bbox 0 0 1338 4792; x_wconf 95' lang='lat' dir='ltr'><strong> </strong></span> 
     </span>
    </p>
   </div>
  </div>
 </body>
</html>
