2708 4786
415 305 632 384 ADVERSUS
652 303 923 364 TlMOTHEUM.
1161 305 1222 364 683

123 478 210 538 quern
225 460 300 538 patri
313 459 368 519 iste
385 479 451 519 meo
470 458 691 519 commendarat
703 455 741 517 ad
761 456 881 517 naulum
896 455 1080 532 solvendum,
1094 456 1120 513 ai
1132 455 1219 534 lignis

124 550 256 610 advectis
273 551 447 624 advenisset,
468 550 715 611 inMacedoniam
729 550 783 609 iter
795 548 875 609 facit
917 548 991 608 llaec
1010 557 1144 627 tempora
1157 550 1221 609 lue·

123 636 192 702 runt
204 644 283 702 circa
297 663 426 703 mensem
437 642 565 722 Aprilem
579 643 665 702 Astio
678 653 809 721 praetore.
838 642 923 700 Anno
937 651 1076 720 aequente
1086 660 1221 700 reversus

124 734 285 821 Philondas
310 755 327 794 e
351 735 539 806 Macedonia,
559 736 646 814 lignis
670 733 922 807 advectis,—dum
944 733 999 792 iste
1026 732 1106 812 apud
1121 752 1221 811 regern

124 826 278 888 Persarum
293 848 413 908 peregre
423 831 589 901 abesset-,
600 829 639 888 ad
648 838 761 908 patrem
778 847 874 886 meum
888 827 1001 887 accedit
1013 825 1172 886 etnanlum
1186 826 1221 884 li·

123 924 246 1000 gnorum
260 925 399 1001 praebere,
422 933 454 982 ut
473 922 651 983 naviculario
674 922 839 995 satisfieret,
856 921 951 1001 jubet,
971 921 1219 1000 quemadmodum

124 1012 178 1072 iste
192 1023 304 1092 patrem
319 1015 449 1074 abiturus
464 1024 590 1094 rogarat,
605 1024 635 1074 et
653 1013 828 1074 Philondam
847 1010 1077 1089 commendarat,
1090 1033 1128 1073 eu
1138 1020 1221 1093 pate'r

124 1105 161 1166 td
185 1126 317 1166 mensam
336 1107 469 1167 adducto
483 1107 688 1167 Phormionem
707 1106 827 1166 naulum
849 1104 994 1184 lignorum
1014 1104 1219 1184 mille'aeptin-
1280 1152 1288 1169 ,

123 1208 226 1276 gentas
240 1199 452 1279 quinquaginta
472 1200 626 1259 drachmas
639 1201 724 1275 jubet
738 1200 860 1259 solvere.
902 1197 1048 1257 Numerat
1063 1197 1220 1276 pecuniam

123 1287 280 1363 Phormio:
304 1291 465 1351 debitorem
480 1291 665 1351 Timotheum
678 1280 872 1351 inscribit-is
886 1292 963 1350 enim
976 1300 1093 1369 rogarat
1108 1301 1221 1370 patrem
1282 1284 1288 1289 ’

123 1389 156 1439 ut
166 1382 288 1441 naulum
302 1373 447 1460 lignorum
457 1385 609 1462 proeberet,
619 1392 649 1442 et
661 1383 748 1463 hujus
755 1403 873 1462 quoque
880 1382 961 1462 ligna
973 1383 1222 1454 erant-,notitias

120 1472 190 1533 loco
214 1492 302 1552 porro
322 1465 462 1533 adscribit
483 1473 519 1533 et¹
534 1494 629 1546 usum,
650 1475 680 1533 in
693 1471 779 1554 quem
794 1485 917 1554 accepta
929 1476 1024 1535 luerat
1043 1474 1179 1553 pecunia,
1192 1484 1224 1534 et

120 1582 233 1624 nomen
247 1566 311 1643 ejus
324 1565 374 1644 qui
388 1566 557 1645 accepisset.
599 1564 638 1626 Et
651 1566 707 1627 hoc
721 1568 886 1627 factumest
899 1566 1073 1627 Alcisthene
1087 1576 1222 1645 pretore,

120 1648 215 1716 altero
229 1676 307 1716 anno
321 1677 409 1736 quam
423 1657 477 1718 iste
491 1659 530 1717 ad
543 1678 641 1737 regern
652 1661 774 1718 abierat.

161 1753 191 1806 7.
214 1750 275 1807 Sub
290 1748 366 1808 idem
382 1770 467 1829 porro
476 1761 592 1830 tempus
608 1761 638 1810 et
651 1751 852 1811 Timosthenes
868 1753 1045 1833 AEgialensis
1058 1752 1148 1822 venit,
1163 1753 1222 1832 prio

121 1850 197 1900 rrtae
219 1841 427 1918 negotiationis
447 1862 537 1902 causa
558 1842 616 1902 huc
639 1845 808 1922 profectus:
830 1845 881 1923 qui
901 1865 966 1905 cum
980 1844 1222 1905 essetlamiliaris
1299 1856 1303 1863 ·

122 1932 291 1992 Phormioni
307 1925 338 1992 e't
359 1934 466 2005 socius,
482 1935 598 1994 solvens
617 1936 694 2007 hinc,
713 1938 872 1995 servandas
886 1938 1054 1997 Phormioni
1074 1956 1143 1997 cum
1163 1937 1222 1996 alia

121 2016 247 2106 pecunie
269 2026 390 2086 dederat
407 2027 493 2085 etiam
512 2016 626 2105 phialas
650 2027 730 2107 Lycii
753 2029 850 2106 operis
867 2022 951 2088 duas.
995 2029 1081 2086 Forte
1103 2028 1222 2087 fortuna

122 2129 218 2178 autern
241 2138 314 2196 puer
333 2137 382 2177 eas
399 2118 478 2196 ipsas
499 2117 624 2195 phialas,
638 2119 756 2197 ignarus
771 2136 837 2177 esse
857 2118 978 2191 alienas,
993 2118 1158 2178 AEschrioni
1178 2120 1224 2178 sa-

123 2211 203 2270 molo
216 2210 299 2269 istius
314 2210 445 2282 dederat,
460 2230 526 2285 cum
549 2211 574 2270 is
594 2211 633 2270 ad
650 2221 763 2289 patrem
782 2230 879 2268 meum
902 2211 1008 2270 missus
1022 2220 1101 2270 esset
1114 2213 1152 2270 ab
1165 2210 1223 2271 isto
1241 2276 1244 2283 ,

123 2303 264 2382 stragula,
278 2313 374 2362 vestes
397 2313 428 2363 et
450 2301 563 2381 phialae
585 2303 717 2381 petitum,
731 2313 761 2362 et
774 2302 882 2361 minam
897 2303 1009 2380 argenti
1023 2322 1111 2382 quam
1125 2316 1223 2363 mutu·

122 2402 272 2465 muneret,
288 2415 355 2454 cum
370 2395 408 2454 ad
423 2415 490 2454 eum
506 2395 626 2454 Alcetas
644 2405 673 2454 et
693 2395 779 2454 lason
794 2394 949 2455 venissent.
991 2384 1156 2474 Repetenle
1170 2415 1223 2456 au·

122 2485 181 2549 tein
189 2488 377 2549 Timosthene
392 2489 503 2568 phialas
514 2507 532 2547 a
542 2487 727 2559 Phormione,
738 2508 802 2547 curn
814 2488 1111 2560 redisset-absente
1123 2487 1223 2549 Timo·

122 2581 190 2642 tbeo
212 2580 292 2660 apud
313 2601 463 2660 regem-,
477 2580 538 2658 agit
551 2599 616 2639 cum
631 2600 667 2639 eo
679 2591 762 2659 pater
777 2599 859 2639 meus
876 2589 908 2638 ut
921 2579 1222 2659 pretiumphialarum

124 2673 276 2752 reciperet,
296 2665 437 2752 quantum
459 2673 564 2751 phialae
581 2671 751 2751 penderent,
765 2672 920 2733 drachmas
939 2671 1082 2732 ducentas
1103 2664 1223 2752 triginta

124 2775 246 2846 septem.
288 2767 331 2824 Ac
350 2764 530 2825 Timostheni
544 2765 667 2843 pretium
682 2764 780 2824 reddit
794 2763 977 2842 phialarum:
998 2765 1086 2823 istum
1101 2784 1170 2824 vero
1185 2762 1222 2824 ad

122 2859 266 2939 reliquum
281 2878 323 2917 aes
337 2858 476 2929 alienum,
487 2857 566 2935 quod
580 2855 635 2916 iste
650 2857 787 2928 debebat,
797 2857 861 2935 ejus
876 2856 962 2915 etiarn
977 2856 1122 2933 pecuniae,
1134 2876 1223 2934 quam

124 2950 302 3010 'limostheni
315 2969 367 3028 pro
380 2949 485 3026 phialis
500 2957 676 3017 numerarat,
692 2947 852 3006 debitorem
868 2946 1008 3005 inscribit.
1037 2947 1112 3014 Ques
1127 2946 1224 3006 omnia

73 3042 77 3052 “
123 3060 189 3102 rere
207 3062 227 3100 a
248 3060 296 3100 me
315 3039 374 3100 dici
395 3051 430 3098 ut
442 3049 569 3111 constet,
593 3038 759 3099 testimonia
779 3038 861 3096 vobis
876 3036 1083 3103 recitabuntur,
1098 3037 1224 3115 primum
1324 3049 1329 3062 ·

61 3145 65 3155 “
124 3152 223 3194 eornm
245 3134 296 3212 qui
318 3126 473 3211 pecuniam
497 3132 531 3190 iis
551 3131 705 3200 dederunt,
721 3129 827 3209 quibus
847 3127 900 3186 iste
917 3124 1056 3205 jusserat,
1078 3145 1224 3199 amensa,

123 3225 232 3304 quique
245 3234 309 3309 tum
323 3225 361 3283 ad
376 3242 506 3283 mensam
526 3222 682 3282 sederunt:
705 3220 812 3282 deinde
830 3219 896 3298 ejus
911 3219 962 3297 qni
975 3219 1099 3298 pretium
1112 3219 1223 3297 phiala·

123 3336 185 3376 mm
199 3316 320 3395 recepit.

539 3469 809 3530 TESTIMONIA.

123 3600 177 3662 Me
192 3601 282 3680 igitur
294 3621 330 3661 ee
344 3622 412 3681 quae
425 3602 462 3661 ad
476 3621 529 3661 vos
539 3602 602 3661 dixi
616 3619 675 3659 non
690 3595 898 3666 dixisselalso,
913 3613 951 3654 ex
965 3595 1132 3656 recitatione
1143 3596 1224 3655 testi-

122 3694 287 3753 moniorum
302 3693 472 3753 audivistis:
493 3695 579 3752 istum
598 3690 794 3771 porro'ipsum
808 3689 887 3768 apud
901 3707 947 3747 me
961 3689 1128 3748 confessum
1142 3688 1224 3766 ligna
1297 3726 1300 3731 -

96 3774 100 3779 ¹
122 3785 249 3846 advecta
262 3806 280 3846 a
294 3786 441 3846 Philonda
454 3787 484 3843 in
498 3785 578 3844 aedes
594 3803 663 3844 suas
678 3782 706 3840 in
723 3782 836 3840 Pirseeo
857 3781 1067 3860 esse‘perlatas
1080 3789 1115 3838 ut
1132 3798 1224 3858 appa·

120 3888 194 3952 reat,
207 3878 272 3957 ejus
288 3879 328 3942 rei
341 3878 538 3939 testimonium
553 3878 635 3937 robis
647 3876 770 3952 legetur.
879 3864 913 3901 ·’
1248 3876 1256 3891 ’

525 4082 827 4147 TESTIMONIUM.

127 4231 215 4292 letius
236 4232 326 4312 igitur
344 4231 434 4290 luisse
448 4228 538 4308 ligna,
551 4249 618 4308 quae
637 4226 796 4286 Philondas
812 4222 900 4295 vexit,
911 4234 943 4283 et
954 4184 1018 4301 ipae
1038 4220 1108 4281 mihi
1122 4221 1227 4285 testifi-

126 4330 213 4385 catua'
223 4335 270 4385 est
281 4327 296 4384 ι’
311 4325 457 4384 fatebatur
470 4323 547 4383 enim
560 4321 640 4401 apud
651 4319 791 4380 arbitrum
802 4336 839 4378 ea
852 4316 881 4374 in
892 4333 962 4375 susa
971 4314 1053 4377 tedes
1064 4313 1097 4375 in
1106 4314 1223 4391 .an
1256 4340 1262 4349 ·

127 4435 191 4478 eoae
205 4417 369 4496 deportata,
386 4425 419 4501 ut
429 4415 511 4478 robis
524 4412 670 4519 testificati
683 4412 788 4511 iiqsunt
799 4409 851 4487 qui
862 4406 1035 4495 audierant·
1053 4436 1058 4467 :
1097 4408 1175 4481 rent*
