2662 4792
107 273 167 333 720
449 268 618 329 CONTRA
640 265 861 333 CONONEM.

108 426 202 489 tando
216 436 248 487 et
264 424 474 487 contumeliose
493 423 637 497 vexando,
649 433 683 487 ut
702 422 814 483 labrom
828 418 1037 492 discinderent,
1049 425 1081 478 et
1098 415 1197 478 oculos

108 521 309 593 occluderent,
323 528 354 578 ct
376 528 438 577 tarn
456 517 533 578 male
550 516 687 577 affectum
701 516 906 595 relinquerent,¹
919 522 952 572 nt
970 530 1064 591 neque
1082 530 1198 591 surgere

108 632 205 692 neque
219 612 299 691 loqui
309 629 433 690 possem.
473 610 583 670 Jacens
596 620 695 669 autern
706 607 800 668 multa
813 626 849 667 ex
866 607 909 667 eis
929 613 960 665 et
975 606 1082 665 acerba
1099 603 1198 664 audic-

108 706 188 767 bam.
227 704 272 764 Ac
283 714 391 763 caetera
401 701 519 783 quidem
533 701 665 763 convicia
678 711 756 774 sunt,
770 719 893 781 qnorum
908 696 1044 778 quaedam
1059 697 1198 778 apndvos

109 798 257 858 nominare
279 797 500 855 erubescerem:
522 796 600 875 quod
620 813 690 856 vero
709 792 873 854 insolentie
888 790 1018 852 Cononis
1036 789 1154 870 signum
1170 796 1200 849 at

107 901 279 969 argumento
292 898 348 959 eat,
363 888 453 949 ductu
477 889 541 969 ejus
563 899 596 948 et
616 887 751 969 auspiciis
770 887 849 946 lacta
866 904 934 945 esse
953 883 1061 954 omnio,
1075 882 1107 944 id
1119 879 1200 943 robis

108 982 212 1043 dicam.
255 983 403 1043 cantabat
421 982 508 1054 enirn,
531 982 625 1061 gallos
638 984 761 1042 victores
775 980 910 1040 imitans:
931 978 980 1039 alli
999 988 1098 1037 autem
1113 976 1199 1057 jnbc·

107 1077 179 1136 bant
202 1094 269 1134 enm
283 1074 395 1134 alarum
413 1075 475 1134 vice
496 1074 589 1134 latera
610 1074 715 1135 cubitis
735 1074 886 1154 plangere.
927 1072 1001 1131 Post
1020 1070 1087 1129 brec
1107 1086 1201 1149 egos

106 1169 348 1249 praetereuntibus
362 1169 476 1228 ablatus
491 1187 557 1228 sum
571 1158 684 1228 nudus:
706 1167 755 1227 isti
769 1167 913 1238 abierunt,
925 1174 1008 1225 veste
1021 1182 1091 1223 mea
1106 1170 1198 1243 rapta.

110 1264 152 1323 Ut
170 1272 265 1323 autem
283 1263 323 1323 ad
342 1263 418 1323 iores
436 1263 512 1336 veni,
527 1263 638 1324 clamor
657 1273 687 1323 et
706 1263 844 1342 strepitus
857 1261 957 1321 matris
981 1269 1014 1320 et
1032 1258 1202 1321 ancillarum

109 1364 189 1416 ortus
202 1366 264 1416 est:
285 1355 363 1415 unde
377 1355 466 1416 mein
481 1356 618 1417 balneum
631 1376 708 1435 segre
727 1356 870 1436 perlatum
885 1365 915 1414 et
928 1354 1060 1414 ablutum
1081 1350 1199 1413 medicb

109 1449 311 1509 ostenderunt.
353 1448 427 1509 Haec
440 1449 483 1509 nti
496 1467 566 1509 vera
576 1468 640 1509 esse
653 1458 779 1521 constet,
788 1459 879 1509 testes
891 1446 975 1508 vobis
988 1446 1162 1528 producam,

574 1700 733 1761 TESTES.

109 1841 224 1902 Accidit
242 1852 349 1912 autem,
364 1842 496 1913 iudices,
518 1853 552 1901 ut
570 1854 601 1901 et
620 1841 782 1902 Euxitheus
799 1841 848 1902 hic
860 1841 1021 1916 Chollides,
1035 1842 1120 1903 nobis
1133 1860 1202 1923 cog·

109 1946 206 2007 natus,
220 1946 250 1994 et
267 1935 375 1994 Midias
389 1934 525 1995 alicunde
544 1953 562 1994 a
580 1956 664 1995 coena
687 1955 754 1994 cum
775 1935 826 1994 illo
847 1937 972 2010 rediens,
991 1936 1064 1995 mihi
1088 1936 1200 2001 obviam

108 2028 189 2099 facti,
203 2047 269 2087 curn
280 2030 341 2104 jam
352 2047 441 2107 prope
455 2026 532 2087 aedes
547 2047 677 2087 essemus
690 2038 720 2086 ct
732 2028 761 2086 in
781 2026 918 2087 balneum
931 2028 1032 2101 ferrer,
1046 2048 1200 2109 sequeren-

108 2130 166 2193 tur,
176 2130 207 2180 et
219 2120 363 2180 medicum
377 2120 593 2181 adducentibus
602 2122 758 2181 adessent:
774 2141 852 2181 eram
866 2132 963 2182 autem
973 2122 1049 2183 adeo
1060 2123 1198 2197 infirmus,

108 2224 151 2285 ut,
165 2233 202 2271 ne
219 2213 321 2292 procul
340 2213 477 2272 abalneo
496 2212 616 2273 domurn
636 2213 774 2286 auferrer,
788 2215 823 2274 iis
844 2215 892 2293 qui
916 2216 1038 2276 aderant
1057 2216 1200 2277 videretur

108 2326 155 2365 me
177 2305 215 2365 ad
238 2305 364 2365 Midiam
378 2305 429 2364 illa
445 2316 530 2367 nocte
544 2327 609 2367 esse
629 2305 799 2374 ferendum
821 2308 918 2387 itaque
936 2309 1079 2370 fecerunt.
1121 2310 1198 2389 cipe

109 2399 196 2477 igitur
210 2410 240 2457 et
253 2398 356 2456 horum
369 2397 542 2469 testimonia,
555 2409 588 2458 ut
601 2398 724 2458 videatis
739 2399 847 2458 multos
859 2420 922 2460 esse
937 2402 1084 2476 conscios,
1097 2402 1196 2481 quibos

109 2489 218 2569 injuriis
232 2492 269 2549 ab
283 2490 346 2549 istis
361 2490 414 2549 sim
426 2490 558 2550 affectus.

519 2718 786 2779 TESTIMONIA.

110 2885 191 2964 Cape
205 2894 235 2943 et
247 2883 351 2943 medici
364 2883 570 2944 testimonium.

502 3092 805 3152 TESTIMONIUM.

150 3250 179 3303 4.
201 3246 284 3304 Tunc
302 3245 389 3324 igitur
403 3247 499 3306 statim
515 3247 620 3326 plagae,
638 3269 711 3327 quas
732 3271 910 3331 acceperam,
932 3262 962 3311 et
976 3255 1198 3315 contumelia-eo

109 3357 156 3396 me
171 3339 356 3416 redegerunt,
373 3340 617 3416 quemadmodum
636 3342 742 3401 auditis
758 3355 787 3402 et
802 3364 904 3404 omnes
923 3343 943 3403 ii
966 3347 1016 3423 qui
1037 3367 1084 3407 me
1107 3347 1199 3408 stetim

110 3428 242 3490 viderant
255 3432 401 3490 testificati
415 3443 494 3491 sunt.
535 3435 607 3494 Post
627 3446 724 3496 autem
744 3437 780 3497 de
802 3439 951 3499 tuberibus
966 3449 996 3499 et
1014 3440 1161 3502 ulceribus
1173 3440 1201 3500 ln

108 3522 182 3582 facie
198 3543 229 3582 se
243 3543 302 3581 non
323 3524 397 3584 adeo
419 3525 564 3586 solicitum
585 3547 649 3588 esse
669 3529 787 3590 dicebat
805 3532 956 3591 medicus:
987 3532 1085 3593 febres
1108 3543 1200 3595 autern

109 3635 156 3676 mc
169 3615 316 3674 continnae
332 3619 536 3695 sequebantur,
549 3630 581 3680 et
602 3623 746 3682 cruciatus
768 3624 854 3683 totins
871 3627 1001 3705 corporis
1019 3647 1162 3707 perquam
1175 3636 1203 3686 et

108 3708 296 3769 vehementes
321 3718 351 3768 ct
374 3720 499 3783 atroces,
514 3712 543 3770 in
565 3714 664 3792 primis
685 3735 754 3774 vero
768 3717 891 3777 laterum
912 3730 1001 3797 atque
1023 3720 1073 3779 imi
1088 3719 1203 3785 ventris.

109 3822 203 3881 neque
217 3802 313 3861 cibum
327 3821 432 3882 capere
444 3816 586 3882 poteram.
627 3808 666 3867 Et
688 3820 721 3868 ut
741 3810 871 3869 medicus
893 3812 1011 3891 quidem
1033 3812 1203 3883 affirmabat,

109 3896 165 3955 nisi
189 3894 268 3968 mibi,
282 3894 431 3955 doloribus
452 3897 561 3957 afflicto
581 3910 611 3959 et
626 3900 686 3980 jam
710 3902 874 3981 desperato,
898 3907 1030 3984 purgatio
1054 3904 1204 3985 sanguinis

110 3990 186 4049 ultro
200 3990 318 4068 copiosa
331 3989 557 4068 supervenisset,
573 4013 617 4052 me
632 3996 779 4054 saniorum
794 3995 904 4055 facturn
918 3998 1010 4057 fuisse
1024 4000 1204 4078 periturum:

109 4103 188 4142 nunc
210 4084 234 4142 is
258 4082 377 4160 sanguis
397 4101 513 4140 recessu
538 4084 607 4144 mihi
630 4107 684 4146 sno
708 4088 794 4147 saluti
813 4089 877 4149 fult.
916 4091 989 4151 Haec
1003 4093 1092 4171 igitur
1107 4111 1206 4154 verca

109 4194 155 4233 me
170 4175 237 4247 dici,
247 4186 277 4236 et
288 4175 375 4235 talem
390 4176 521 4233 morbum
543 4178 611 4237 mihi
627 4182 789 4251 subortum,
809 4182 859 4260 qui
874 4204 920 4244 me
935 4184 964 4243 in
978 4196 1141 4245 extremum
1155 4204 1205 4265 pe·

108 4267 230 4327 ticulum
244 4268 377 4348 conjecit,
392 4287 430 4325 ex
444 4266 479 4325 iis
493 4287 566 4345 quas
581 4273 617 4330 ab
634 4273 692 4331 isto
713 4294 883 4352 acceperam
904 4277 1008 4356 plagis,
1024 4278 1065 4337 uti
1081 4287 1205 4347 constet,

109 4359 213 4417 medici
228 4361 423 4421 testimoninm
440 4368 470 4418 ot
484 4379 582 4420 eorum
597 4365 645 4441 qui
661 4386 705 4425 me
721 4367 851 4426 viserunt
864 4371 963 4429 recita.
