2662 4792
113 287 171 347 802
455 281 609 341 ORA'llO
632 278 860 341 AMATORlAi

112 438 275 499 accuratius
295 434 352 496 alio
373 443 505 515 tempore
527 435 611 495 uobis
626 428 799 497 occasiones
813 431 1037 515 opportuniores
1058 426 1200 493 dabunhrr

115 532 236 613 opinor:
259 528 310 589 sed
323 526 449 588 breviter
462 536 526 589 eam
541 528 694 608 attingere,
705 546 784 589 nuuc
797 527 886 587 etiam
900 525 973 585 hihil
983 524 1159 607 prohibebit.

157 626 203 683 11.
225 622 305 681 lllud
321 630 418 685 autem
432 619 461 680 in
475 620 574 701 primis
588 630 635 681 est
652 618 806 701 diligenter
819 617 1121 691 animadvertendum,
1139 634 1201 707 curn

114 734 229 776 omnem
243 714 425 794 disciplinam
439 714 561 775 scientia
573 723 605 773 et
621 714 828 774 exercitatione
840 712 969 791 quadam
977 710 1135 781 contineri,
1144 718 1202 770 ttthr

113 800 324 888 philosophiam
345 802 438 887 magis
461 806 548 867 etiam
568 808 691 867 crateris.
732 804 812 866 Nam
831 814 942 884 quanto
959 794 1205 883 diligentiorestia

114 901 376 979 prudentioresque
398 901 553 980 magistros
572 899 671 971 habet,
691 908 775 959 tanto
787 898 917 978 pulcrius
932 916 998 957 esse
1018 886 1206 956 consiitntdm-

112 1010 166 1070 par
179 1002 234 1052 est.
259 992 359 1072 Atqui,
369 1012 438 1054 cum
451 1003 481 1053 et
492 992 523 1051 in
537 988 663 1051 dicendo
676 1001 706 1050 et
720 990 750 1048 in
760 989 949 1051 deliberando
961 988 1070 1048 mentis
1082 994 1204 1047 versetur

113 1084 252 1158 officium,
265 1083 450 1165 philosophia
472 1092 568 1144 antem
591 1082 689 1162 hujus.
704 1083 856 1161 utriusque
880 1082 922 1142 rei
942 1074 1080 1173 peritiam
1103 1078 1203 1153 tradat,

112 1194 164 1235 cur
177 1195 242 1236 eam
252 1174 449 1256 disciplinam,
460 1194 527 1255 quas
539 1194 593 1234 nos
604 1175 708 1234 horum
723 1174 875 1252 utriusque
889 1183 1042 1253 compotes
1051 1169 1133 1243 facit,
1144 1182 1204 1251 pet·

113 1268 198 1349 sequi
212 1266 362 1328 nolimus?
388 1268 467 1327 Tum
488 1267 564 1328 enim
586 1276 816 1327 cousentaneum
835 1266 938 1327 estrei
956 1260 1205 1327 nosuae'ranril'sri

112 1380 267 1422 accessura
280 1380 346 1421 esse
358 1360 487 1421 maxima
498 1360 678 1421 incrementa
690 1359 823 1439 adeoque
835 1368 927 1420 totam
948 1359 1038 1419 vitani
1050 1359 1116 1419 lore
1127 1352 1205 1419 culti·

112 1472 203 1526 orem,
216 1472 282 1514 cnm
304 1464 335 1513 et
349 1472 415 1533 qum
428 1453 526 1515 doceri
541 1460 652 1533 queunt
665 1453 735 1512 artis
750 1451 936 1525 adminiculo,
949 1462 980 1511 et
998 1460 1109 1512 caetera
1129 1468 1202 1511 exet·

112 1546 250 1607 citatione
264 1545 392 1625 quadam
405 1557 436 1607 et
454 1547 670 1607 assuefactione
684 1546 902 1606 obtinuerimus.
943 1545 1050 1625 Neque
1064 1546 1142 1605 enim
1154 1543 1203 1605 hot

112 1638 169 1698 dici
183 1639 316 1718 prolecto
330 1648 439 1718 potest,
460 1639 531 1699 nihil
546 1658 610 1698 esse
626 1639 657 1698 in
671 1638 791 1699 scientia
804 1639 944 1699 momenti
966 1638 1089 1711 adhoc,
1104 1648 1138 1697 ut
1147 1634 1202 1697 aliis

112 1741 285 1811 praestemus
303 1732 352 1791 alii
371 1731 525 1811 sapientia.
566 1731 644 1791 Nam
668 1751 734 1792 cum
755 1751 840 1792 omne
861 1731 1022 1811 ingenium,
1036 1732 1063 1790 si
1084 1740 1152 1811 apta
1164 1728 1202 1787 in·

111 1823 223 1882 stitutio
236 1823 367 1895 accedat,
381 1822 415 1882 fit
425 1823 547 1882 melius:
568 1832 631 1882 tum
643 1843 713 1884 vero
724 1844 761 1883 ea
773 1824 866 1883 multo
877 1824 1002 1883 maxime
1015 1842 1084 1902 quoa
1093 1842 1112 1883 a
1120 1823 1203 1903 primo

111 1916 210 1974 statim
231 1924 296 1974 ortu
315 1914 480 1974 dexteriora
504 1916 618 1975 caeteris
649 1917 833 1976 exstiterunt.
876 1916 932 1976 Illa
954 1915 1032 1976 enim
1055 1934 1122 1976 sese
1136 1914 1202 1974 dnu-

111 2017 194 2067 taxat
207 2006 338 2080 vincunt,
351 2007 417 2068 h'aec
441 2008 528 2068 etiam
553 2008 617 2069 aliis
640 2008 828 2069 antecellunt.
871 2008 918 2066 Ne
931 2027 1001 2068 vero
1022 2004 1202 2086 dubitoquio

112 2100 228 2179 agendo
253 2110 339 2181 parta
360 2100 472 2179 peritia,
486 2120 541 2161 nec
566 2101 628 2163 sine
649 2100 777 2182 periculo
798 2100 951 2179 contingat
969 2112 1000 2160 et
1018 2100 1058 2160 ad
1071 2100 1204 2178 reliquam

111 2194 202 2254 vitam
215 2193 254 2253 sit
265 2192 395 2254 inutilis:
416 2194 616 2274 philosophica
634 2203 731 2255 autem
753 2193 896 2254 institutio
911 2193 1029 2253 adhaec
1049 2193 1203 2273 omni'aop·

111 2295 236 2364 portune
251 2274 479 2366 cohtemperata.
522 2287 585 2347 Etsi
607 2297 703 2348 autem
726 2285 845 2364 quidam
864 2294 984 2365 propter
1002 2286 1105 2345 felices
1117 2302 1203 2346 rerum

113 2398 269 2439 successus
283 2379 466 2457 fortunaeque
480 2380 608 2439 favorem
621 2381 653 2438 in
664 2378 856 2439 admiratione
868 2379 998 2451 inerunt,
1008 2397 1062 2437 eos
1076 2384 1204 2437 mmente

112 2480 296 2531 contemnere
320 2482 350 2530 et
373 2472 506 2550 tuiipsius
525 2492 624 2533 curam
643 2492 750 2551 genere
769 2472 865 2532 decet.
906 2471 972 2532 Nec
987 2472 1067 2531 enim
1079 2472 1204 2532 maxima

112 2581 158 2620 res
172 2572 281 2621 temere
302 2563 486 2633 invadendae,
507 2563 560 2622 sed
581 2574 661 2622 certa
678 2565 788 2622 ratione
807 2563 989 2641 scienterque
1016 2562 1205 2643 suscipiendos

113 2663 200 2720 sunt;
221 2653 320 2710 necin
336 2653 399 2731 ipso
414 2654 531 2711 demum
547 2655 739 2730 gerendarum
754 2675 846 2714 rerum
862 2656 984 2714 articulo
994 2657 1140 2729 meditari,
1159 2654 1204 2715 sed

112 2763 149 2802 ea
162 2742 283 2803 scientia
305 2753 334 2802 te
356 2743 521 2803 institutum
540 2764 605 2805 esse
621 2745 707 2804 decet
730 2755 763 2803 ut
776 2747 914 2824 quicquid
933 2767 1008 2825 opus
1031 2748 1120 2809 fuerit
1139 2751 1205 2808 bene

113 2835 308 2895 administres.
352 2835 539 2895 Existimabis
561 2847 658 2896 autem
676 2859 743 2898 cum
765 2859 880 2897 omnem
895 2841 1089 2900 eruditionem
1110 2840 1205 2922 siquis

113 2939 212 2989 utatur
225 2928 364 3008 prodesse
378 2930 513 3001 multum,
525 2940 588 2989 tum
602 2951 670 2990 vero
691 2951 754 2990 eam
769 2931 942 3003 doctrinam,
956 2953 1023 3011 quae
1038 2935 1129 2994 tradit
1142 2932 1204 3012 quid

112 3022 143 3082 in
164 3022 326 3102 Republica
348 3033 378 3082 et
399 3023 546 3103 agendum
565 3034 594 3082 et
614 3023 769 3083 dicendum
783 3026 830 3094 sit,
847 3026 876 3083 in
894 3025 1004 3104 primis.
1048 3028 1128 3087 Nam
1142 3045 1204 3105 geo·

112 3116 224 3174 metriae
238 3135 273 3175 ac
287 3116 424 3175 similium
446 3117 550 3176 artium
573 3135 639 3175 esse
662 3117 763 3177 rudem
784 3129 867 3196 turpe
881 3118 912 3176 id
934 3118 1053 3197 quidem
1077 3130 1134 3192 est,
1157 3117 1205 3178 sed

114 3227 212 3266 earum
235 3227 377 3268 summum
398 3209 458 3269 fieri
483 3208 622 3269 artificem
643 3209 719 3268 infra
738 3210 918 3270 excellentiae
941 3219 1000 3268 tuae
1017 3211 1204 3290 dignitatem:

113 3310 145 3358 at
154 3299 183 3357 in
197 3299 248 3358 illa
262 3301 403 3360 excellere
414 3301 554 3361 facultate
569 3303 751 3381 praeclarum,
763 3323 821 3361 non
832 3322 897 3362 esse
911 3304 1079 3364 institutum
1093 3322 1205 3385 prorsus

114 3400 160 3449 est
175 3392 378 3452 deridendum.

154 3485 201 3540 12.
222 3484 309 3551 Quod
333 3504 371 3544 ex
394 3485 492 3545 multis
516 3487 578 3546 aliis
600 3490 685 3547 rebus
704 3488 882 3566 intelligitur,
904 3499 991 3547 etex
1015 3508 1062 3561 eo,
1087 3491 1112 3548 si
1131 3490 1203 3547 viros

112 3576 238 3635 illustres
253 3578 303 3656 qui
318 3587 398 3637 tuam
409 3590 525 3639 aetatem
540 3590 752 3659 praecesserunt
762 3590 886 3658 spectes.
929 3581 1006 3639 Nam
1016 3592 1046 3639 et
1056 3581 1204 3649 Periclem,

112 3670 196 3749 cujus
210 3670 355 3748 sapientia
370 3673 547 3749 temporibus
571 3673 627 3732 illis
647 3693 707 3751 prae
726 3672 860 3731 omnibus
882 3672 1030 3732 celebrata
1050 3685 1106 3746 est,
1126 3672 1205 3733 fami·

111 3763 212 3823 liorem
226 3763 314 3822 luisse
329 3762 512 3841 Anaxagorae
533 3764 733 3831 Clazomenio,
748 3775 836 3842 atque
858 3763 909 3822 illo
928 3764 1049 3825 doctore
1069 3766 1127 3824 vim
1144 3782 1205 3824 eam
1235 3804 1240 3817 ·

111 3865 301 3917 consecutum
317 3875 382 3915 esse
397 3856 515 3917 audies.
557 3859 595 3916 Et
613 3857 795 3917 Alcibiadem
818 3856 936 3935 ingenio
955 3858 1074 3937 quidem
1093 3858 1133 3917 ad
1152 3858 1205 3916 vir·

110 3961 205 4010 tutem
233 3949 324 4008 multo
348 3948 488 4007 deteriore
510 3954 557 4024 (ut
579 3949 629 4028 qui
655 3951 760 4029 partim
789 3951 923 4028 superbe,
949 3950 1054 4029 partim
1083 3952 1204 4030 abjecte,

111 4044 215 4124 partim
236 4041 471 4105 libidinosissime
484 4043 572 4102 vitam
594 4043 765 4117 instituerit)
785 4042 912 4120 reperies
939 4043 1067 4102 Socratis
1092 4043 1204 4103 institu-

109 4137 190 4196 tione
205 4136 297 4195 multa
309 4135 339 4193 in
360 4133 485 4194 suavita
504 4135 672 4208 correxisse,
694 4146 800 4195 caetera
817 4136 1018 4214 magnitudine
1041 4156 1137 4196 rerum
1156 4154 1205 4215 ge·

109 4240 218 4289 starum
242 4230 416 4290 occultasse.
458 4227 545 4294 Quod
564 4228 588 4286 si
603 4229 748 4289 veteribus
767 4229 1028 4288 commemorandis
1049 4231 1205 4289 immoran-

109 4323 178 4381 dum
193 4333 320 4397 nonest,
335 4343 401 4384 cum
422 4322 582 4383 recentiora
595 4324 731 4401 exempla
745 4323 774 4383 in
788 4334 925 4401 promptu
940 4322 1008 4394 sint,
1027 4332 1091 4382 tum
1106 4324 1204 4383 Timo·
