2662 4792
156 292 218 352 tet
509 290 679 350 CONTRA
704 287 899 348 NEAERAM.

382 448 516 493 Grmcorum
526 447 609 493 ductor
620 446 705 493 Medos
716 446 756 492 ubi
768 444 871 506 perdidit
883 444 960 489 hostes

382 523 516 578 Pausanias,
527 522 615 570 l’hoebo
624 522 717 571 dedicat
727 523 771 568 hoc
781 520 890 582 spolium,

156 636 277 714 perinde
300 655 334 695 ac
361 636 385 695 si
407 636 497 715 ipsius
515 648 593 696 esset
613 637 642 696 id
660 635 776 695 facinus
791 645 822 694 et
835 631 998 702 donarium,
1019 648 1080 688 non
1098 644 1241 688 commune

158 729 311 789 sociorum.
352 729 437 787 Iratis
459 738 556 788 autem
570 749 606 789 ea
626 729 663 788 de
681 750 711 788 re
732 728 855 798 Graecis,
870 726 1050 786 Plataeenses
1065 719 1243 780 Lacedaemo-

157 822 220 880 nios
235 821 313 900 apud
326 820 557 901 Amphictyonas
572 833 714 881 accusant
726 819 843 880 nomine
857 818 1010 887 sociorum,
1023 825 1054 874 et
1069 813 1148 872 mille
1159 810 1243 872 tulen-

157 923 218 971 tnm
232 913 371 973 mulctam
386 916 422 973 ab
447 915 487 974 eis
505 924 619 994 petunt,
633 916 778 993 erasisque
792 912 952 993 versiculis,
972 908 1131 969 inscribere
1144 898 1246 987 cogunt

157 1006 244 1064 urbes
263 1026 330 1084 quae
354 1008 439 1066 rebus
464 1007 555 1086 gestis
577 1006 785 1073 interfuerant;
807 1024 867 1084 qun
889 1003 1016 1064 revel
1009 1023 1038 1060 rn
1063 1001 1164 1080 primis
1186 998 1248 1058 odit

157 1096 449 1158 Lacedaemoniorum
464 1109 667 1178 susceperuut,
680 1100 827 1178 regiaeque
841 1097 969 1157 familiae.
998 1095 1063 1155 Ac
1055 1114 1087 1152 rn
1101 1092 1249 1172 presentia

157 1209 216 1249 non
231 1191 413 1270 reperiebant
433 1192 642 1251 Lacedaemonii
663 1210 722 1269 quo
741 1200 829 1270 pacto
849 1210 901 1249 eos
921 1190 1153 1248 ulciscerentur.
1174 1184 1249 1244 anuis

157 1292 256 1343 autem
269 1284 460 1362 postcirciter
473 1284 695 1362 quinquaginta,
711 1282 907 1342 Archidamus
922 1279 1153 1367 Zeuxidamild„
1167 1278 1249 1337 Lace·

158 1367 369 1435 dtembuiorum
383 1396 444 1447 rex,
459 1388 591 1456 tempore
611 1375 703 1454 pacis,
717 1394 817 1434 eorum
836 1376 907 1433 urbe
920 1356 1006 1451 potiri
1020 1370 1157 1442 instituit,
1169 1370 1251 1448 idque

159 1487 211 1546 per
222 1466 396 1527 Thebanum
420 1467 638 1547 Eurymachum
661 1467 830 1526 Leontradae
852 1467 885 1526 F
905 1465 1083 1524 licentiorum
1097 1463 1252 1542 principem

159 1570 207 1620 eet
221 1570 356 1631 conatus,
370 1580 459 1638 quum
474 1569 564 1619 noctu
578 1570 677 1638 portas
693 1559 863 1630 Nanclides,
878 1567 909 1618 et
930 1557 978 1618 olii
993 1557 1115 1634 quidam
1128 1553 1253 1633 corrupti

160 1653 375 1731 largitionibus,
396 1653 587 1731 aperuissent.
628 1651 823 1724 Plataeenses,
837 1652 967 1731 cognito,
982 1651 1059 1708 intra
1072 1648 1184 1708 muenia
1194 1666 1254 1707 esse

159 1744 325 1817 Thebanos,
342 1763 382 1823 ,ῃ
405 1763 487 1802 suam
502 1746 603 1803 urbem
618 1756 749 1823 tempore
763 1744 843 1823 pacis
858 1764 894 1802 ex
909 1742 1067 1822 improviso
1081 1751 1208 1820 captam,
1226 1746 1254 1799 et

159 1835 214 1913 ipsi
228 1835 267 1893 sd
282 1854 362 1894 arma
375 1845 563 1905 concurrunt,
579 1847 610 1895 et
628 1837 720 1895 aciem
743 1837 899 1896 instruunt.
944 1837 1001 1895 Ubi
1021 1833 1137 1907 diluxit,
1151 1844 1183 1895 et
1199 1852 1254 1892 uon

160 1926 268 1986 multoe
288 1946 354 1986 esse
376 1926 531 1987 Thebanos
548 1927 658 2000 vident,
673 1927 724 1987 sed
745 1929 884 2006 primores
906 1947 1007 1988 eornm
1025 1926 1256 2006 ingressos-in·

159 2036 234 2098 gens
262 2018 338 2079 enim
364 2017 463 2078 delata
482 2029 572 2079 noctu
592 2019 692 2098 pluvia
712 2020 899 2099 prohibuerat
918 2040 979 2092 eos,
999 2041 1036 2080 ne
1055 2039 1159 2080 omnes
1173 2019 1255 2078 iutro·

160 2121 237 2182 rent,
253 2130 312 2191 qua
324 2112 429 2171 fluvius
445 2114 561 2191 Asopus
576 2123 679 2172 anctus
693 2113 868 2184 exundabat,
883 2133 940 2173 nec
950 2112 1066 2171 transiri
1082 2112 1255 2192 facilepote·

161 2214 217 2278 rat,
229 2216 320 2264 noctu
338 2205 550 2284 praesertim—,
559 2216 593 2264 ut
607 2205 705 2283 igitur,
719 2206 848 2284 inquam,
864 2206 1044 2265 Plataeeuses
1065 2206 1096 2264 in
1114 2206 1188 2265 urbe
1208 2220 1257 2265 tut

161 2296 318 2357 Thebanos
330 2296 476 2369 viderunt,
490 2316 546 2357 nec
570 2296 674 2356 adesse
698 2316 801 2356 omnes
824 2307 1034 2377 cognoverunt,
1048 2298 1257 2376 aggrediuntur

162 2387 238 2459 illos,
261 2387 476 2466 commissoque
496 2387 598 2468 praelio
623 2398 771 2467 superant,
787 2400 819 2448 et
842 2388 962 2448 ooedunt
982 2390 1154 2469 priusquam
1174 2384 1258 2450 ceteri

160 2498 249 2557 opem
263 2479 337 2537 ferre
350 2488 481 2557 possent,
495 2488 527 2537 et
538 2480 637 2538 statim
650 2480 741 2539 misso
755 2480 794 2539 ad
813 2499 868 2540 nos
883 2480 1000 2552 nuncio,
1015 2480 1185 2560 significant
1202 2494 1257 2540 reu

162 2580 287 2648 gestam,
307 2588 448 2648 suamque
463 2570 624 2641 victoriam,
637 2581 669 2630 et
688 2572 826 2630 auxilinm
838 2583 953 2650 petunt,
970 2574 993 2631 si
1009 2573 1147 2633 Thebani
1162 2590 1258 2653 agrum

162 2663 290 2742 ipsomm
303 2673 463 2721 vastarent.
505 2662 581 2720 Tum
596 2663 800 2733 Athenienses,
818 2685 848 2723 re
860 2666 990 2743 cognita,
1006 2666 1142 2725 celeriter
1156 2664 1259 2725 auxilia

164 2754 290 2814 Plataeas
305 2753 433 2813 mittunt.
476 2753 559 2820 Quos
581 2774 648 2813 cum
662 2754 801 2814 vidissent
821 2757 952 2815 Thebani
975 2777 1059 2836 opem
1078 2759 1182 2817 tulisse
1196 2757 1258 2816 Pla·

164 2847 330 2917 taeensibus,
358 2847 478 2905 domum
503 2847 658 2905 redierunt.
716 2849 757 2905 Ut
775 2849 865 2927 igitur
888 2849 1019 2907 Thebani
1042 2850 1175 2910 frustrati
1197 2858 1259 2909 snut

163 2950 270 3001 conatu
284 2959 349 3010 suo,
364 2950 393 2997 et
407 2938 594 3009 Platoeeuses,
611 2959 685 3018 quos
706 2939 834 2998 hostium
855 2941 883 2998 in
902 2940 1002 3020 prselio
1016 2941 1099 3001 vivos
1114 2952 1257 3023 ceperant,

163 3035 346 3104 occiderunt,
359 3032 424 3090 irati
448 3031 672 3104 Lacedoemonii,
682 3038 745 3108 jam
760 3033 822 3092 sinc
838 3034 897 3092 ullo
912 3045 1056 3111 praetextu
1072 3035 1201 3095 Plataeas
1214 3054 1259 3114 op·

165 3127 329 3206 pugnaturi,
349 3124 621 3204 Peloponnensibus
641 3127 784 3196 omnibus,
805 3137 909 3204 praetcr
929 3127 1064 3204 ArgivoS,
1088 3128 1219 3201 edicunt,
1231 3136 1260 3185 ut

164 3220 248 3280 binas
271 3230 370 3300 partes
394 3219 577 3297 copiarume
598 3220 719 3298 singulis
740 3220 859 3278 urbibus
883 3221 1040 3293 mitterent,
1055 3221 1179 3282 Boeotiis
1197 3238 1260 3281 vem

165 3313 269 3372 ceteris
279 3312 433 3383 universis,
445 3319 476 3369 et
491 3312 698 3384 Locrensibus,
708 3312 919 3385 Phocensibus,
933 3313 1140 3386 Maliensibus,
1151 3314 1260 3384 OEtseis,

165 3416 195 3464 et
209 3405 383 3463 AEnianibus
393 3404 583 3478 denunciant,
598 3416 631 3464 ut
645 3425 746 3464 omnes
761 3406 791 3463 iu
811 3406 898 3464 armis
914 3405 1060 3465 adessent.
1105 3407 1154 3467 Sic
1165 3424 1260 3468 eorum

165 3516 279 3554 murum
302 3495 414 3574 ingenti
435 3497 565 3556 exercitu
586 3498 843 3567 circumsedentes,
867 3497 1102 3569 sciscitabantur,
1123 3520 1197 3558 num
1216 3517 1261 3558 nr-

165 3590 233 3647 bem
245 3586 354 3648 dedere
368 3589 489 3661 vellent,
503 3610 605 3668 agrum
621 3602 719 3651 autem
733 3603 842 3660 tenere,
854 3601 884 3650 et
897 3590 953 3649 frui
968 3591 1028 3650 suis
1043 3593 1159 3670 opibus,
1171 3592 1261 3653 socie-

166 3691 226 3743 tate
241 3681 463 3742 Atheniensium
483 3684 609 3743 deserta.
652 3685 740 3754 Quod
761 3703 827 3743 cnm
848 3684 1026 3744 Plataeenses
1040 3696 1221 3757 recusarent,
1234 3694 1262 3744 et

166 3776 229 3835 eine
239 3776 417 3836 auctoritate
430 3774 652 3836 Atheniensium
666 3780 822 3857 quicquam
838 3777 1011 3837 selecturus
1031 3796 1097 3837 esse
1111 3787 1262 3856 negarent,

166 3870 346 3930 obsederunt
356 3888 406 3929 eos
415 3868 599 3941 decennium,
614 3870 722 3950 duplici
734 3889 816 3929 muro
829 3870 1010 3941 circundato,
1024 3891 1080 3931 nec
1089 3871 1263 3931 intentatum

166 3963 324 4042 quicquam
339 3960 528 4040 reliquerunt.
571 3962 645 4021 Cum
660 3983 727 4022 vero
747 3962 815 4021 fessi
831 3962 914 4021 malis
929 3962 1121 4035 Plataeenses,
1135 3965 1263 4024 omnium

166 4076 261 4117 rerum
286 4056 409 4134 penuria
428 4066 637 4133 premerentur,
661 4057 816 4134 desperata
837 4055 940 4125 salute,
965 4057 1118 4117 sortitione
1139 4059 1215 4118 inter
1235 4076 1264 4117 se

167 4150 255 4221 faeta,
282 4149 330 4207 alii
355 4158 568 4217 remanserunt,
598 4149 782 4209 obsidionem
808 4149 976 4209 toleraturi:
1013 4151 1061 4210 alii
1094 4162 1265 4233 exspectata

167 4253 265 4313 nocte,
280 4252 310 4301 ct
323 4242 431 4321 pluvia,
446 4253 476 4301 et
495 4259 602 4319 magno
621 4252 720 4313 vento,
736 4244 848 4320 egressi
863 4245 944 4313 urbe,
958 4244 1086 4303 hostiurn
1104 4246 1264 4307 munitione

169 4345 314 4410 superata,
328 4337 452 4415 decepto
473 4334 614 4403 exercitu,
624 4335 766 4414 jugulatis
790 4337 972 4408 custodibus,
992 4338 1147 4397 miserabili
1165 4340 1265 4399 habitu

155 4427 337 4507 perveniunt
351 4430 411 4491 huc
433 4442 465 4490 et
477 4427 648 4509 inopinato:
669 4428 826 4507 reliquus
845 4442 932 4507 captu
954 4432 1034 4502 urbe,
1055 4449 1157 4491 omnes
1178 4433 1264 4492 inter·
