2662 4792
107 275 167 335 tto
449 269 618 330 CONTRA
639 266 860 334 CONONEM.

108 428 202 491 tando
216 437 247 489 et
264 425 474 488 contumeliose
493 424 637 498 vexando,
649 433 683 487 ut
702 423 814 483 labrum
828 418 1037 492 discinderent,
1049 425 1081 478 et
1097 414 1203 478 ocutos

108 523 309 594 occluderent,
323 529 355 580 et
377 529 438 579 tam
456 518 533 579 maie
550 517 686 578 affectum
701 516 906 595 relinquerent,
918 523 952 573 ut
970 529 1065 591 neque
1082 528 1204 591 surgere

108 634 205 694 neque
219 613 299 693 loqui
309 630 433 691 possent.
473 611 583 671 Jscens
597 621 695 670 autern
706 608 800 669 multa
812 626 849 667 ex
866 607 909 667 eis
929 613 960 666 et
975 606 1082 665 acerba
1099 602 1204 665 audio·

108 708 188 769 bam.
228 706 273 766 Ac
283 716 391 765 caetera
401 702 520 784 quidem
533 701 665 764 convicia
678 712 756 775 sunt,
770 719 893 783 quorum
908 696 1044 778 quaedam
1058 695 1203 777 spudeo·

109 800 257 860 nominare
279 797 500 857 erubescerem:
521 797 600 876 quod
620 815 690 856 vero
709 794 873 854 insolentiae
888 790 1018 879 Cononis
1036 789 1155 870 signum
1173 794 1205 847 et

107 902 279 971 argumento
292 901 349 961 est,
363 889 453 949 ductu
477 890 541 970 ejus
564 900 596 948 et
616 887 752 969 auspiciis
769 887 850 947 tacte
866 904 934 946 esse
952 883 1061 954 omnis,
1074 882 1107 944 id
1119 880 1203 942 robis

108 985 213 1045 dicam.
255 985 403 1045 Cantabat
421 983 508 1055 enirn,
531 980 625 1062 gallos
638 984 762 1042 victores
775 981 910 1040 imitans:
931 978 980 1039 alii
999 987 1097 1037 autern
1113 974 1202 1056 jube·

107 1079 180 1138 bant
203 1095 269 1136 eum
283 1076 395 1135 alarum
413 1076 475 1136 vice
496 1075 589 1134 latera
610 1074 716 1135 cubitis
736 1074 886 1154 plangere.
927 1072 1002 1131 Post
1020 1070 1086 1129 haec
1107 1086 1165 1147 ego
1182 1084 1203 1127 a

107 1170 347 1250 pretereuntibus
362 1170 476 1229 ablatus
491 1186 557 1228 sum
571 1160 684 1228 nudus:
707 1167 755 1227 isti
769 1167 913 1238 abierunt,
925 1174 1008 1225 veste
1021 1182 1091 1223 mea
1106 1170 1199 1242 raptu.

111 1266 153 1324 Ut
170 1274 265 1324 autern
283 1264 323 1324 ad
342 1264 418 1325 iores
436 1264 513 1336 veni,
527 1263 638 1326 clamor
657 1274 688 1323 et
707 1264 844 1342 strepitus
858 1261 957 1320 metris
981 1269 1013 1320 et
1032 1258 1204 1320 ancillarum

109 1366 189 1417 onus
203 1357 264 1417 est:
285 1356 363 1416 unde
378 1377 423 1417 me
436 1357 466 1416 in
481 1356 618 1418 balneum
632 1376 709 1435 segre
727 1356 869 1437 perlatum
885 1365 915 1415 et
928 1354 1060 1413 ablatum
1081 1348 1201 1413 modim

110 1450 311 1510 ostenderunt.
353 1448 427 1510 Haec
440 1450 484 1509 uti
496 1468 566 1510 vera
577 1468 640 1510 esse
653 1458 779 1521 constet,
789 1459 878 1509 testes
892 1446 975 1508 robis
988 1446 1162 1528 producam,

574 1700 733 1762 TESTES.

109 1842 225 1904 Accidit
242 1852 350 1914 autern,
365 1844 383 1901 J
387 1842 497 1914 udices,
520 1852 554 1902 ut
571 1855 602 1902 et
621 1841 783 1903 Euxitheus
800 1841 848 1902 bic
860 1841 1021 1915 Choliides,
1035 1843 1120 1903 nobis
1133 1860 1203 1925 cog-

110 1947 206 2009 natus,
220 1947 251 1996 et
268 1936 375 1996 Midias
390 1936 526 1997 alicunde
545 1955 563 1995 a
581 1956 665 1996 coena
688 1955 754 1994 curn
776 1935 827 1995 illo
847 1936 973 2010 rediens,
992 1936 1064 1995 mihi
1088 1936 1202 2001 obvim

83 2098 86 2103 Ι
108 2030 190 2101 sacti,
203 2049 269 2089 curn
280 2032 341 2106 jam
352 2049 442 2110 prope
456 2028 533 2089 aedes
547 2048 677 2089 essemus
691 2028 762 2087 etin
780 2027 919 2088 balneum
932 2029 1031 2102 ferrer,
1046 2048 1202 2109 sequeren-

109 2134 167 2195 tur,
177 2133 208 2182 et
220 2122 364 2182 medicum
379 2121 594 2183 adducentibus
603 2122 759 2183 adessent:
774 2141 853 2181 eram
867 2132 963 2182 autem
974 2122 1049 2184 adeo
1060 2123 1200 2197 infirmus,

109 2225 152 2287 ut,
166 2235 203 2273 ne
221 2214 322 2294 procul
341 2214 478 2275 abalneo
497 2213 617 2274 domum
637 2215 775 2287 auserrer,
789 2215 825 2274 iis
845 2215 894 2293 qui
917 2216 1039 2276 aderant
1057 2216 1202 2278 videretur

109 2328 156 2367 me
178 2307 216 2367 ad
239 2307 365 2367 Midiam
379 2306 430 2366 iila
447 2318 531 2369 nocte
545 2327 609 2368 esse
630 2307 800 2375 ferendum
822 2308 919 2386 itaque
937 2309 1079 2370 fecerunt.
1122 2310 1201 2389 Cape

110 2401 197 2479 igitur
211 2412 241 2459 et
254 2400 357 2459 horum
370 2399 543 2471 testimonia,
556 2410 590 2459 ut
602 2399 725 2459 videatis
740 2399 848 2458 multos
860 2420 923 2460 csse
937 2402 1085 2475 conscios,
1098 2401 1199 2481 quibus

110 2492 219 2571 injuriis
233 2494 270 2551 ab
284 2491 347 2551 istis
362 2492 415 2551 sim
427 2492 559 2552 affectus.

520 2719 787 2779 TESTIMONIA.

112 2887 192 2966 Cape
206 2895 236 2944 et
248 2885 352 2945 medici
365 2885 572 2945 testimonium.

503 3093 806 3153 TESTIMONIUM.

151 3252 180 3305 4.
202 3247 285 3306 Tunc
304 3248 391 3326 igitur
404 3248 500 3307 statim
517 3248 621 3327 plagae,
640 3270 712 3327 quas
733 3271 912 3332 acceperam,
933 3261 963 3311 et
977 3255 1202 3317 contumelia-eo

111 3359 157 3398 me
173 3340 357 3417 redegerunt,
374 3341 618 3418 quemadmodum
637 3343 743 3402 auditis
759 3356 788 3403 et
803 3364 905 3404 omnes
925 3344 944 3403 ii
967 3347 1017 3422 qui
1038 3367 1086 3407 me
1108 3347 1202 3408 stetim

112 3431 244 3491 viderent
257 3433 402 3493 testificati
417 3445 495 3493 sunt.
536 3436 608 3495 Post
628 3447 724 3497 autern
745 3439 782 3498 de
803 3439 952 3499 tuberibus
968 3449 998 3500 et
1016 3440 1203 3502 ulceribusin

110 3525 184 3584 facie
199 3544 230 3583 se
245 3545 303 3583 non
325 3526 399 3585 adeo
420 3527 565 3587 solicitum
586 3548 650 3589 esse
670 3530 788 3590 dicebat
807 3531 957 3592 medicus:
989 3533 1086 3593 febres
1110 3544 1202 3595 autem

110 3637 157 3678 me
171 3617 317 3676 continuae
333 3621 537 3697 sequebantur,
551 3631 582 3681 et
603 3623 747 3682 cruciatus
769 3625 855 3684 totius
872 3626 1002 3705 corporis
1020 3646 1164 3707 perquam
1177 3636 1205 3686 et

109 3710 298 3772 vehementes
323 3720 353 3770 ct
376 3722 500 3784 atroces,
515 3714 544 3771 in
566 3715 666 3794 primis
686 3736 755 3775 vero
768 3717 892 3777 laterum
913 3729 1002 3797 atque
1025 3720 1075 3778 imi
1089 3719 1204 3785 ventris.

110 3825 205 3883 neque
219 3804 315 3863 cibum
328 3824 433 3884 capere
446 3818 587 3884 poteram.
629 3809 667 3868 Et
689 3818 723 3867 ut
742 3811 873 3870 medicus
894 3812 1012 3891 quidem
1035 3812 1204 3881 affirmabat,

111 3898 167 3957 nisi
190 3896 270 3970 mihi,
284 3896 432 3957 doloribus
454 3899 563 3959 afflicto
583 3902 688 3981 etjam
712 3902 876 3982 desperato,
898 3907 1032 3984 purgatio
1055 3904 1204 3985 sanguinis

111 3992 188 4051 ultro
201 3992 319 4070 copiosa
333 3993 559 4069 supervenisset,
574 4014 619 4053 me
634 3997 781 4054 saniosum
795 3996 905 4055 factum
920 3998 1012 4058 fuisse
1024 4001 1204 4077 periturum:

110 4105 190 4144 nunc
211 4085 235 4144 is
261 4084 379 4161 sanguis
399 4104 514 4143 recessu
539 4086 609 4144 mihi
632 4108 686 4147 suo
710 4089 796 4148 saluti
815 4090 878 4150 fuit.
917 4091 990 4152 Haec
1004 4093 1093 4171 igitur
1108 4111 1206 4154 verae

111 4196 156 4235 me
171 4178 239 4249 dici,
249 4188 279 4238 et
290 4176 376 4236 talem
391 4180 523 4237 morbum
545 4180 613 4239 mihi
628 4182 790 4252 subortum,
811 4183 860 4260 qui
875 4204 921 4244 me
936 4184 965 4243 in
980 4196 1143 4245 extremum
1156 4204 1205 4265 pe·

110 4269 231 4328 siculum
245 4270 378 4350 conjecit,
394 4291 432 4329 ex
447 4270 481 4328 iis
494 4290 567 4348 quas
583 4275 618 4331 ab
636 4275 693 4333 isto
715 4294 885 4353 acceperam
906 4277 1010 4356 plagis,
1026 4278 1067 4337 uti
1082 4287 1205 4347 constet,

111 4360 214 4419 medici
229 4364 425 4422 testimonium
442 4373 584 4422 eteorum
599 4366 647 4443 qui
663 4386 707 4425 me
722 4368 852 4426 viserunt
866 4371 964 4429 recita.
