2662 4792
54 322 72 347 „
108 279 167 335 rsa
241 322 295 348 ⁸.
474 271 553 333 eno
576 271 838 362 Pnonnmnn.

108 427 195 484 modo
209 444 225 482 e
238 433 414 484 testamento
427 425 565 496 cernitur,
577 425 781 499 Athenienses,
792 423 844 483 sed
855 432 885 482 et
898 431 931 481 tu
944 424 1008 500 ipse
1020 421 1101 488 fuisti
1111 423 1204 484 tesfrs.

109 519 186 577 Cum
199 518 277 577 enim
295 529 441 578 maternas
455 518 611 578 facultates
631 518 661 576 in
680 527 778 597 partes
796 517 886 578 dividi
903 516 1007 588 velles,
1022 526 1052 576 et
1066 517 1205 579 Phormio

107 631 146 671 ex·
166 614 256 669 uxore
277 610 384 671 liberos
404 610 590 689 suscepisset,
606 620 669 667 tum
690 609 828 677 fatebaris
846 629 917 685 eam,
931 629 950 668 a
970 618 1054 688 patre
1076 609 1216 688 legitime.

107 703 245 763 traditam
259 712 289 762 et
299 711 395 762 ratum
408 722 475 762 esre
494 700 718 783 matrimonium.
761 701 839 760 Nam
862 702 895 759 si
905 717 976 760 eam
989 700 1039 758 bic
1056 718 1110 778 per
1131 701 1206 781 inju-

108 795 181 854 riam
193 802 307 872 raptam
326 794 486 865 habuisset,
501 793 601 853 datam
615 813 633 852 a
649 792 776 864 nemine,
792 792 876 857 liberi
895 791 1029 852 heredes
1051 809 1112 850 non
1134 792 1207 853 luis·

109 894 193 944 sent:
216 885 254 944 ad
266 903 319 949 ,eos
334 895 432 945 autem
452 880 509 964 qui
520 884 655 944 hmredes
674 903 733 943 non
746 895 848 945 essent
865 885 963 963 portio
973 883 1057 945 nulla
1069 884 1112 943 rei
1124 885 1209 944 fami·

109 976 187 1036 liaris
200 977 368 1056 pertineret.
410 979 450 1037 Et
461 977 528 1036 hmo
540 966 608 1037 veris
621 991 643 1036 a·
654 997 700 1036 nte
712 976 770 1038 dici
789 978 893 1056 liquet,
913 995 981 1037 cum
994 975 1033 1035 sit
1045 985 1208 1048 ostensam,

110 1071 147 1129 ab
167 1084 203 1130 eb
222 1079 328 1147 quarta
346 1079 430 1149 parte
449 1079 573 1148 accepta
591 1069 671 1129 omni
684 1068 805 1129 crimine
822 1067 1028 1128 Phormionem
1049 1085 1115 1128 esre
1133 1068 1208 1127 libe·

109 1171 215 1222 samm.
1052 1202 1055 1206 -

153 1256 201 1313 12.
223 1254 302 1324 Quia
314 1272 393 1326 nero,
404 1253 608 1323 Athenienses,
624 1253 734 1312 nullam
754 1271 872 1331 prorsus
885 1250 1067 1331 probabilem
1080 1250 1211 1310 defensi-

110 1363 196 1407 onem
218 1347 355 1418 babebat,
367 1345 636 1424 impudentissimas
657 1344 760 1404 afferre
775 1362 881 1403 causas
900 1342 978 1421 apud
998 1342 1137 1405 arbitrum
1156 1362 1211 1404 au·

12 1483 16 1494 .
112 1437 213 1511 dabat,
231 1456 374 1517 quassos
395 1437 541 1497 audivisse
553 1437 584 1495 in
597 1435 698 1515 primis
712 1455 810 1514 operar
822 1436 947 1514 pretinm
961 1433 1060 1493 luerit.
1102 1434 1212 1508 Unam,

111 1533 230 1590 omnino
255 1549 314 1590 non
336 1531 448 1589 lactum
460 1548 529 1588 esse
543 1537 765 1596 testamentum,
780 1529 833 1584 sed
854 1525 885 1582 id
902 1536 997 1584 totum
1017 1526 1117 1585 adhuc
1139 1526 1212 1592 nihil

113 1622 193 1681 aliud
216 1640 281 1680 esse
299 1638 387 1697 quam
401 1620 574 1695 figmentum
589 1628 619 1676 et
639 1625 854 1677 commentum:
876 1615 1104 1688 alteramenta
1117 1617 1213 1696 gratia

113 1698 252 1790 superiori
273 1720 406 1787 tempore
426 1708 612 1768 concessisse
630 1708 729 1767 omnia
747 1727 843 1784 neque
862 1709 893 1767 in
911 1709 1107 1785 jus'rocasse,
1129 1711 1213 1787 quod

113 1803 252 1863 Phormio
276 1818 416 1878 magnum
440 1799 570 1878 pendere
592 1798 719 1876 vectigal
739 1799 863 1858 voluerit
884 1799 975 1878 idque
997 1818 1029 1860 se
1051 1818 1215 1880 pensurum

112 1893 261 1973 pollicitus
274 1894 371 1965 luerit,
385 1891 468 1971 quod
481 1900 639 1970 postquam
652 1909 712 1950 non
725 1890 806 1964 facit,
820 1910 897 1952 nunc
910 1891 1029 1952 demum
1034 1920 1037 1925 ·
1038 1897 1090 1970 jus
1103 1912 1212 1968 meum,

114 1984 220 2064 inquit,
233 2001 403 2062 persequor.

57 2140 62 2151 Ι
159 2079 207 2136 13.
221 2075 282 2136 Sed
296 2094 364 2135 eum
376 2074 441 2134 haec
454 2083 587 2154 atraque,
599 2075 728 2148 sidicat,
739 2073 817 2136 falso
831 2075 991 2149 dicturum,
1005 2087 1036 2137 et
1049 2079 1111 2137 suis
1121 2079 1214 2157 ipsias

114 2169 200 2229 lactis
223 2168 381 2239 contraria,
393 2167 462 2227 hinc
482 2167 636 2227 eastimate.
678 2167 710 2227 Si
728 2176 935 2227 testamentum
954 2169 1082 2248 negabit,
1096 2188 1156 2247 qua
1168 2189 1215 2231 ra-

115 2261 198 2320 tione
214 2259 408 2339 praerogativa
429 2258 529 2319 aetatis
545 2259 626 2320 oedss
643 2280 679 2319 ex
693 2269 869 2320 testamento
892 2270 1031 2340 acceptas
1051 2270 1162 2332 teneat,
1183 2263 1215 2323 id

116 2371 183 2411 eum
207 2360 351 2431 rogatote.
403 2350 468 2410 Nec
490 2351 567 2411 enim
587 2352 659 2411 illud
683 2352 773 2422 dicet,
796 2371 833 2412 ea
857 2355 1025 2413 testamenti
1051 2373 1117 2416 esse
1141 2364 1216 2430 rata,

114 2444 224 2524 ,quibus
238 2453 358 2504 auctore
370 2453 453 2522 patre
470 2443 572 2504 melior
592 2464 646 2503 sua
666 2445 704 2505 sit
717 2444 865 2516 conditio3
886 2456 993 2506 eatena
1006 2447 1096 2508 irrita.
1138 2449 1215 2516 Gom

116 2558 187 2598 vero
199 2537 288 2616 hujus
308 2557 345 2597 se
357 2536 618 2616 pollicitationibus
640 2538 797 2617 deceptum
816 2557 883 2598 asse
904 2539 993 2611 dicet,
1015 2538 1214 2613 memineritis,

117 2649 174 2689 nos
186 2629 268 2689 vobis
282 2628 456 2707 produxisse
475 2636 564 2688 testes
582 2649 643 2703 eos,
657 2632 717 2708 qui,
729 2650 818 2710 quum
836 2631 907 2692 huic
918 2630 1031 2708 jamdiu
1051 2632 1122 2691 nihil
1143 2646 1216 2692 cnm

117 2724 174 2783 isto
187 2723 228 2803 rai
242 2730 322 2782 esset
335 2721 470 2800 amplius,
485 2724 523 2782 ab
537 2722 599 2782 istis
614 2733 647 2782 et
656 2742 787 2783 mansan
797 2733 828 2784 et
841 2723 988 2784 officinam
1001 2725 1217 2784 conduxerunt

118 2813 209 2891 Atqui
222 2824 296 2884 tum,
306 2833 374 2874 cum
388 2833 438 2874 ess
452 2813 508 2874 illis
523 2813 642 2887 locavit,
658 2815 715 2876 ista
727 2837 744 2876 e
756 2817 884 2895 vestigio
896 2815 976 2876 dicta
989 2834 1055 2877 esse
1068 2817 1217 2896 oportuitr

117 2915 238 2984 propter
256 2924 333 2984 quae,
347 2925 378 2964 re
401 2915 465 2964 tum
487 2915 741 2979 transactamus
758 2909 788 2967 ei
806 2907 889 2968 litent
904 2918 1016 2971 movet.
1053 2908 1100 2966 Ae
1116 2918 1151 2967 nt
1171 2924 1218 2967 me

119 2996 265 3058 haesere
278 2998 377 3058 dicere
391 3008 516 3068 constet,
532 3009 562 3058 et
575 3018 643 3058 enm
656 3001 853 3079 praerogativa
863 3002 961 3060 atatis
976 3000 1057 3060 mdes
1069 3018 1106 3058 ex
1127 3010 1218 3060 testa·

36 3168 40 3177 ,
118 3101 219 3151 mento
232 3091 395 3172 accepisse,
409 3103 440 3152 et
451 3091 533 3152 hunc
552 3092 629 3153 adeo
649 3111 710 3152 non
723 3093 846 3154 duxisse
859 3093 1070 3166 accusandum,
1083 3103 1119 3152 ut
1130 3094 1219 3154 etism

117 3182 254 3259 laudarit,
265 3185 564 3264 cape'testimonium.

507 3352 821 3412 TESTIMONIUM.

166 3466 212 3522 14.
221 3467 264 3522 Ut
275 3467 499 3537 autemsciatis,
510 3467 714 3542 Athenienses,
723 3479 835 3547 quanta
844 3470 969 3547 pecunia
979 3478 1009 3528 et
1023 3471 1220 3530 enlooationi·

121 3559 177 3615 bus
188 3565 219 3615 et
230 3575 268 3614 ex
282 3573 340 3613 rere
355 3556 450 3615 alieno
464 3558 594 3627 redacta,
608 3561 735 3637 inopiam
754 3579 837 3618 suam
851 3571 882 3619 et
895 3563 985 3620 totius
999 3556 1166 3639 patrimonii
1174 3562 1221 3640 ja·

122 3657 236 3707 cturam
248 3646 435 3729 lamentetur,
450 3648 617 3709 auscultata
629 3650 741 3727 paucis.
762 3651 822 3708 lste
836 3652 900 3709 reris
915 3652 1002 3710 alieni
1012 3653 1099 3712 simul
1111 3653 1223 3713 talenta

122 3737 225 3817 viginti
239 3738 354 3816 redegit
366 3757 401 3797 ex
416 3740 524 3798 tabulis
538 3759 612 3817 quas
630 3751 715 3818 pater
732 3739 794 3818 ejus
816 3740 941 3819 reliquit,
963 3762 1085 3820 quornm
1101 3744 1223 3804 dinridio

122 3829 189 3908 plns
214 3829 312 3899 habet,
333 3830 433 3890 multis
454 3831 532 3891 enirn
547 3832 679 3910 partibus
699 3831 818 3891 tratrem
838 3832 975 3892 fraudat:
996 3835 1223 3894 elocutionibus

110 3922 233 3994 autern,
247 3919 314 3982 octo
336 3940 477 3982 annornm
491 3924 598 4001 quibus
614 3923 752 3983 Phormio
771 3941 904 3987 mensam
926 3925 1039 4000 habuit,
1059 3938 1223 4007 octogenae

125 4014 228 4087 mnas,
249 4015 400 4073 semissem
421 4015 512 4074 totius
531 4015 696 4085 locationis,
720 4024 750 4074 et
773 4015 841 4077 haec
857 4026 926 4076 sunt
946 4017 1048 4078 decern
1068 4020 1224 4081 talantaet

124 4105 317 4186 quadraginta
326 4106 423 4178 rninoe,
436 4106 608 4166 decennium
621 4126 691 4167 vero
701 4118 837 4186 postque
852 4109 979 4181 Xenoni,
991 4112 1149 4188 Euphraso,
1163 4114 1224 4172 Eu·

124 4198 227 4273 phrorn
242 4208 273 4259 et
292 4199 460 4259 Callistrato
473 4200 590 4272 locavit,
607 4202 764 4278 quotannis
780 4200 943 4261 talentum:
960 4204 1023 4283 jam
1038 4205 1224 4283 praeterhac

124 4306 140 4342 e
160 4288 294 4350 domibus
318 4291 400 4351 initio
424 4291 571 4350 distributi
592 4292 767 4370 patrimonii,
782 4294 862 4370 quod
877 4293 943 4375 ipse
960 4298 1092 4368 cumbet,
1112 4296 1225 4356 reditus

125 4379 248 4456 amplius
270 4384 395 4443 tricenas
418 4384 518 4444 minas.
561 4385 649 4454 Quod
671 4386 696 4443 si
711 4384 743 4447 in
765 4404 909 4448 summam
923 4387 1095 4465 redegeritis
1114 4388 1222 4460 omma,
