2662 4792
109 277 169 337 648
467 274 514 334 IN
533 274 836 357 acarnanum-1.

110 436 201 489 stram
224 426 334 507 aliquid
353 426 398 487 bis
419 427 571 509 iudignum
591 426 659 489 mibi
678 427 802 499 accidat,
824 427 905 508 quod
927 446 964 487 ua
984 426 1068 488 vobis
1082 427 1197 507 quidem

109 519 263 582 bouestum
276 518 370 581 fuerit.

150 617 200 675 26.
211 615 286 675 Cum
299 623 397 674 autem
411 612 502 674 multa
514 613 583 673 mibi
603 611 728 672 dicenda
740 620 849 688 essent,
861 611 899 672 de
919 609 1029 688 injuriis
1043 618 1075 670 ct
1092 619 1198 671 coutu-

110 707 203 769 meliis
218 706 321 786 quibus
335 726 399 767 sum
421 716 568 779 oneratus,
588 705 725 784 temporis
743 704 858 764 excludi
878 723 924 764 me
945 702 1087 783 angustiis
1102 702 1196 763 video.

111 800 153 858 Ut
165 798 252 878 igitur
265 800 389 860 maxime
402 817 454 859 vos
467 816 570 859 omues
588 796 750 857 existimem
764 795 933 876 cognituros
948 815 1077 856 summas
1091 794 1196 874 quibus

109 909 164 950 nos
178 889 274 951 affecti
293 910 393 951 sumus
406 890 533 971 iujurias,
547 890 652 950 dicam.
694 889 723 950 Si
735 907 835 948 secum
856 889 1058 968 unusquisque
1071 896 1197 948 vesuum

110 983 230 1061 cogitet,
242 986 331 1063 quem
349 983 428 1043 domi
447 983 590 1043 famulum
610 981 765 1062 reliquerit,
781 1000 816 1041 ac
835 978 941 1043 deinde
959 981 1053 1061 fingat
1065 1000 1101 1067 se
1111 981 1150 1040 ab
1162 999 1197 1040 eo

110 1075 181 1135 talia
193 1095 363 1156 perpessum
378 1095 453 1149 asse,
468 1075 566 1154 qualia
583 1095 638 1136 uos
660 1075 697 1135 ab
718 1073 912 1153 isto-neque
925 1074 1003 1133 enim
1016 1073 1048 1133 id
1062 1082 1196 1152 spectan-

110 1166 179 1225 dum
192 1177 244 1237 est,
266 1167 396 1249 Syrusne
416 1188 454 1229 an
472 1168 587 1239 Manes,
602 1177 654 1227 aut
670 1168 804 1247 quisnam
818 1166 857 1225 sit
878 1185 978 1226 eorum
996 1166 1129 1245 quilibet,
1141 1166 1198 1226 iste

110 1267 210 1319 autem
223 1259 361 1322 Phormio
372 1261 429 1321 sit:
450 1274 496 1321 res
511 1270 557 1321 est
569 1259 683 1332 eadem,
701 1259 777 1322 servi
790 1267 821 1320 ct
830 1257 879 1318 isti
892 1267 971 1332 sunt,
984 1277 1085 1319 servus
1099 1268 1130 1318 et
1141 1258 1197 1321 isto

109 1351 234 1424 fuit,vos
252 1361 350 1413 autem
368 1352 487 1424 domini,
499 1353 633 1414 dominus
651 1364 682 1414 et
697 1373 754 1435 ego
771 1354 862 1415 lui—.
889 1354 971 1418 Quas
993 1351 1082 1431 igitur
1097 1370 1198 1431 poenas

109 1446 309 1525 unusquisque
318 1456 446 1508 vestrum
457 1447 616 1508 sumendas
626 1446 870 1522 existimarat,eas
878 1455 908 1506 et
917 1443 987 1503 mibi
994 1464 1073 1504 nunc
1082 1462 1199 1504 sumen.-

109 1536 163 1597 das
176 1537 356 1599 existimato:
370 1548 401 1599 et
412 1558 479 1600 eum
490 1539 541 1619 qui
552 1559 598 1602 me
609 1539 684 1601 falso
693 1539 860 1601 testimonio
872 1535 1018 1617 spoliavit,
1032 1535 1072 1601 ad
1081 1555 1197 1597 conser-

109 1629 220 1691 vandas
235 1629 316 1709 leges
331 1642 362 1692 et
370 1631 577 1712 jusjurandum
590 1651 648 1711 quo
662 1632 760 1693 adacti
773 1632 893 1702 sedetis,
906 1628 1096 1703 ulciscimiui;
1109 1638 1199 1690 etex·

110 1720 238 1799 emplum
251 1721 281 1780 iu
301 1742 337 1783 eo
355 1723 474 1783 statuite
494 1723 616 1795 crateris,
630 1723 819 1784 recordantes
840 1742 940 1783 eorum
956 1721 1087 1782 'omnium
1101 1740 1199 1802 queso

109 1813 194 1872 nobis
207 1812 366 1886 audivistis,
376 1826 406 1873 et
418 1824 557 1874 caventes
571 1813 665 1873 sicubi
678 1834 730 1875 vos
743 1816 884 1875 seducere
897 1813 1086 1885 instituerint,
1100 1823 1130 1874 et
1140 1813 1199 1873 siu·

110 1904 232 1983 galatim
245 1903 287 1964 cis
297 1914 483 1965 occurrentes
496 1905 520 1964 si
530 1925 633 1966 senon
648 1905 746 1967 omnia
760 1916 884 1967 testatos
897 1926 959 1966 csse
973 1905 1109 1966 dixerint.
1138 1906 1200 1966 Gur

109 1995 198 2075 igitur
212 1995 242 2054 in
260 1996 370 2056 tabella
391 1997 529 2077 scriptum
551 1996 612 2058 esti
632 2018 684 2057 cur
702 1997 790 2078 igitur
812 2007 875 2058 tum
896 2017 956 2058 non
969 1996 1113 2059 delebasl
1132 2018 1199 2079 quea

110 2087 197 2167 igitur
208 2087 259 2148 illa
271 2098 319 2148 est
331 2089 411 2168 apud
421 2099 559 2169 praetores
572 2088 630 2151 litis
640 2090 837 2152 contestatiot
858 2091 891 2152 Si
904 2091 978 2151 alius
1002 2111 1045 2152 se
1066 2091 1200 2155 luisse

110 2180 185 2241 dixit
218 2182 288 2241 sub
310 2182 443 2243 tutela
470 2203 515 2244 ex
541 2192 797 2259 testamento,
825 2185 899 2246 alius
927 2184 1113 2265 gessisse
1142 2195 1198 2247 tu·

113 2274 246 2343 telam,
275 2272 351 2335 alius
376 2274 526 2338 habere
549 2287 856 2340 tastamentum:
880 2275 990 2357 qualei
1013 2276 1199 2358 inquoquid

112 2364 251 2445 scriptum
280 2366 346 2426 est?
374 2367 440 2428 haec
467 2369 630 2448 quaeritote.
678 2369 755 2430 Nam
780 2390 847 2450 quae
868 2369 918 2430 isti
942 2368 1043 2430 testati
1063 2379 1143 2443 sunt,
1165 2388 1202 2431 sa

113 2476 200 2518 nemo
223 2477 240 2517 e
260 2457 373 2518 caeteris
394 2478 449 2519 suo
470 2461 636 2522 testimonio
655 2462 846 2523 confirmavit.
889 2461 939 2521 uin
952 2461 1201 2536 lamentabuntur,

112 2568 178 2608 eum
202 2548 253 2627 qui
273 2549 383 2607 malum
404 2552 521 2632 accepit
541 2553 777 2620 miserabiliorem
794 2554 829 2614 iis
842 2553 892 2633 qui
905 2548 1008 2633 poenas
1022 2553 1118 2613 daturi
1132 2563 1199 2615 sunt

112 2650 256 2718 putatote.
298 2640 372 2707 Quae
387 2641 411 2700 si
432 2642 555 2714 facietis,
569 2654 599 2704 et
616 2664 663 2702 me
677 2644 825 2723 juvabitis,
840 2655 869 2704 et
890 2645 1006 2704 nimiam
1018 2645 1140 2707 istorum
1153 2666 1199 2707 as·

112 2731 501 2889 qenqauonemcoercebitis,
514 2745 545 2796 et
567 2735 622 2814 ipsi
641 2755 677 2797 ea
699 2755 765 2815 quse
774 2737 966 2821 jurisjurandi
984 2738 1086 2825 religio
1099 2750 1201 2821 postu·

123 2835 155 2884 at
188 2833 339 2885 eccrnctu.
