2662 4792
104 276 164 335 780
455 278 626 339 CONTRA
648 274 844 339 NEAERAM.

105 427 188 488 nefas
205 441 260 504 est,
275 434 324 511 qui
343 435 416 494 citra
433 436 609 515 impietatem
623 456 642 494 a
658 436 788 513 quelibet
805 427 998 492 administrari
1012 434 1136 505 queant,
1150 422 1197 485 tall

106 521 227 583 muliere
240 528 409 604 praesertim,
423 530 588 607 talibusque
602 531 689 588 rebus
704 526 816 607 gestis?

146 616 196 673 20.
219 616 295 677 Volo
308 632 406 679 autem
421 621 508 681 altius
522 640 653 692 exorsus,
667 621 748 679 vobis
768 617 932 677 accuratius
946 611 1055 673 referre
1076 608 1198 689 singula,

107 714 140 765 ut
152 707 234 767 vobis
256 711 329 770 ultio
352 713 452 788 mm'ori
473 732 552 773 curae
573 714 621 785 sit,
635 724 726 791 utque
751 711 863 779 sciatis,
878 726 932 767 vos
953 725 1014 765 non
1038 703 1131 763 modo
1151 720 1199 781 pro

108 798 190 857 vobis
208 799 289 878 ipsis,
304 813 335 863 et
357 804 470 883 legibus
486 806 658 877 sententiam
680 804 803 875 laturos,
817 801 871 861 sed
893 809 925 858 et
946 798 1070 857 deorum
1087 794 1200 854 immor·

107 888 209 949 talium
233 894 401 973 religionem
422 898 561 958 violatam
580 896 788 968 vindicaturos,
801 905 832 953 et
852 910 958 971 poenas
978 898 1148 968 sumpturos
1165 885 1201 945 de

108 984 322 1046 consceleratis.
375 988 453 1049 Olim
477 990 628 1051 dominatu
649 988 814 1067 respublica
837 986 1003 1065 regebatur,
1021 990 1054 1040 et
1083 998 1201 1059 regnum

108 1092 208 1135 eorum
221 1090 284 1139 erat
303 1081 466 1159 quibusque
486 1083 675 1161 temporibus,
688 1081 739 1159 qui
751 1100 814 1159 proe
827 1078 931 1138 ceteris
949 1075 1131 1143 eminebant,
1144 1090 1203 1151 pro·

107 1178 210 1246 pterea
223 1174 301 1248 quod
317 1174 461 1253 indigeam
483 1186 600 1243 essent;
623 1194 708 1234 sacra
726 1182 822 1233 eutem
844 1189 896 1229 rex
910 1169 1012 1229 obibat
1030 1166 1141 1236 omniu,
1158 1182 1204 1225 eo·

108 1278 231 1340 rumque
245 1265 471 1344 religiosissima,
482 1280 512 1329 et
523 1288 640 1339 arcana,
654 1284 726 1325 uxor
739 1265 802 1344 ejus
814 1263 947 1323 curabat.
989 1260 1086 1339 quue
1095 1258 1205 1327 merito,

112 1370 180 1411 cum
193 1358 296 1436 regina
307 1371 394 1419 esset.
436 1362 598 1440 Postquam
617 1370 714 1419 autem
731 1358 864 1417 Theseus
884 1356 965 1415 cives
979 1354 1008 1411 in
1022 1370 1118 1411 unum
1140 1368 1205 1411 con-

112 1451 254 1525 gregavit,
264 1452 443 1532 liberamque
462 1454 671 1532 rempublicam
686 1451 821 1520 instituit,
835 1460 864 1508 et
878 1449 948 1506 urbs
961 1442 1174 1503 multitudine
1166 1462 1205 1501 ιιι·

111 1540 240 1602 colarum
263 1546 441 1651 frequentari
472 1548 569 1627 coepit,
595 1547 722 1626 populns
748 1542 933 1602 nihilominus
957 1558 1059 1618 regem
1084 1536 1206 1605 creabat,

112 1630 268 1695 delectae
292 1637 359 1697 viris
380 1640 628 1717 praestantissimis
655 1635 764 1706 habito,
787 1652 907 1692 uxorem
931 1646 1029 1691 aurem
1055 1630 1130 1708 ejus,
1147 1626 1208 1707 lege

112 1727 211 1783 sanxit
223 1747 289 1787 csse
303 1730 405 1800 civem,
421 1741 452 1790 et
469 1750 528 1790 uon
542 1731 624 1790 alteri
643 1728 827 1789 commistam
841 1727 912 1797 viro,
927 1724 980 1783 sed
994 1722 1139 1800 virginem
1157 1720 1208 1781 (ln-

113 1816 249 1891 cendam,
264 1831 297 1879 ut
320 1824 412 1900 patrio
434 1824 491 1881 ritu
513 1841 621 1882 arcana
639 1841 722 1882 sacra
741 1840 791 1898 pro
811 1818 962 1897 republica
982 1814 1208 1887 immolarentur,

114 1916 144 1964 et
152 1907 235 1985 justa
249 1911 303 1971 diis
317 1913 363 1991 pic
376 1914 565 1983 solverentur,
582 1922 672 1991 utque
685 1930 740 1970 nec
753 1911 944 1979 desereretur,
958 1927 1012 1967 nec
1028 1906 1209 1965 innovaretur

115 1998 281 2078 quicquam.
335 2006 420 2065 Hanc
442 2006 539 2085 legem
562 2005 629 2085 pilae
655 2000 982 2083 lapideoe'inscriptarn
1005 2008 1163 2059 erexerunt
1181 1996 1209 2075 in

118 2089 228 2152 llacchi
254 2098 374 2177 templo,
390 2104 476 2175 juxta
489 2118 569 2159 aram
589 2099 618 2156 in
638 2096 814 2177 paludibus:
835 2113 929 2172 eaque
950 2093 1011 2172 pila
1032 2092 1211 2157 etiamnunc

120 2198 219 2245 exstat
231 2192 361 2251 obscuris
375 2192 464 2251 literis
480 2192 584 2252 Atticis
597 2188 749 2269 inscripta.
776 2188 866 2257 Quod
876 2187 1002 2266 populus
1016 2184 1210 2245 testimonium

119 2296 185 2337 esse
199 2282 290 2342 voluit
302 2304 364 2343 suae
378 2306 448 2365 erga
466 2286 555 2345 deum
576 2284 660 2344 illum
680 2278 838 2361 religionis,
851 2290 882 2340 et
896 2290 1035 2358 tanquam
1050 2278 1210 2358 depositum

24 2394 27 2399 ·
119 2369 279 2450 relinquere
290 2377 463 2454 posteritati,
474 2396 595 2436 uxorem
610 2376 662 2436 tibi
676 2376 815 2447 dandam,
826 2384 856 2432 et
868 2372 1119 2441 sacraobituram,
1129 2369 1212 2429 talem

119 2480 184 2522 esse
198 2465 343 2539 volumus,
352 2481 503 2547 propterea
518 2471 546 2539 in
561 2468 758 2546 antiquissimo
769 2466 877 2544 templo
891 2464 1001 2523 Bacchi
1015 2464 1045 2522 in
1058 2462 1212 2542 paludibus

120 2554 310 2628 collocarunt,
325 2572 407 2619 utne
428 2562 520 2631 multi,
536 2581 601 2638 quae
624 2560 764 2637 inscripta
786 2567 866 2627 sunt,
887 2566 1119 2635 cognoscerent3
1133 2564 1212 2633 quol-

120 2646 204 2702 annis
217 2650 292 2706 enim
307 2653 396 2708 semel
407 2654 543 2730 aperitur,
558 2652 650 2731 pridie
672 2652 738 2710 idus
750 2650 935 2708 Novembris.
975 2650 1021 2708 De
1035 2660 1096 2707 tam
1111 2644 1212 2707 sanctis

121 2737 209 2814 igitur
222 2751 250 2797 et
262 2744 435 2801 venerandis
451 2745 549 2813 sacris,
565 2764 631 2820 quae
646 2744 768 2822 majores
782 2742 870 2800 vestri
890 2752 950 2801 tam
965 2740 1104 2819 praeclare
1120 2738 1212 2819 splen·

121 2828 248 2908 dideque
262 2849 406 2907 curarunt,
418 2855 514 2914 operae
528 2837 653 2914 pretium
669 2848 714 2895 est
728 2847 758 2894 et
771 2854 824 2893 vos
839 2835 986 2912 suscipere
1004 2852 1115 2903 curam,
1129 2830 1213 2890 Athe·

123 2923 249 2998 nienseS,
259 2940 288 2986 et
300 2929 319 2987 ii
334 2931 382 3007 qui
396 2930 561 3009 petulanter
576 2949 659 2988 sacra
666 2941 764 2988 vestra
777 2934 1022 3006 contempserunt,
1032 2925 1082 3004 qui
1099 2926 1214 2984 deorum

122 3016 328 3079 immortalium
348 3023 516 3100 religionem
532 3022 639 3081 nefarie
654 3021 809 3091 violarunt,
825 3022 939 3079 duabus
959 3018 994 3077 de
1016 3019 1114 3076 causis
1135 3014 1215 3097 puni·

124 3112 192 3171 endi
205 3126 292 3173 sunt:
314 3128 347 3175 ut
361 3126 389 3175 et
403 3117 434 3175 hi
448 3136 547 3195 poenas
563 3116 634 3175 dent
646 3117 799 3186 scelerum,
814 3125 843 3173 et
859 3115 946 3173 ceteri
966 3123 1090 3172 caveant
1115 3126 1144 3170 et
1161 3112 1216 3169 for·

124 3205 244 3277 mident,
258 3209 373 3286 nequid
387 3209 415 3267 in
431 3210 502 3267 deos
518 3220 547 3267 et
561 3208 771 3288 rempublicam
787 3207 967 3285 delinquant.
992 3205 1114 3264 Vocabo
1124 3214 1216 3263 autern

124 3298 205 3355 vobis
219 3309 249 3356 et
262 3320 377 3358 sacrum
400 3320 576 3379 praeconem,
591 3302 642 3379 qui
662 3302 738 3379 regis
757 3300 838 3360 uxori
862 3299 1016 3367 ministrat,
1030 3316 1099 3356 cum
1118 3296 1218 3356 lustrat

125 3389 268 3447 ministras
285 3392 321 3449 ad
336 3393 464 3449 canistra
478 3394 560 3451 etad
575 3414 664 3462 aram,
679 3394 847 3472 priusquam
863 3408 947 3451 sacra
966 3391 1124 3467 attingant,
1148 3399 1180 3448 ut
1193 3396 1220 3447 et

121 3478 343 3555 jusjurandum
366 3493 396 3540 ct
409 3501 443 3539 ea
457 3502 523 3559 quoe
544 3484 580 3542 de
602 3505 681 3544 more
697 3484 843 3554 dicuntur,
858 3482 992 3551 audiatiS,
1005 3493 1152 3559 quatenus
1171 3499 1218 3540 au·

125 3569 180 3627 diri
203 3571 244 3628 fas
267 3582 322 3643 est,
336 3583 365 3630 et
388 3577 584 3653 cognoscatis,
599 3598 685 3654 quam
700 3590 826 3655 augusta
840 3588 869 3634 et
881 3596 965 3635 sacra
984 3585 1014 3634 ct
1032 3585 1151 3636 vetusta
1165 3575 1220 3633 siut

126 3664 176 3722 illa
188 3665 330 3724 instituta.
1209 3658 1212 3663 Ι

351 3820 658 3881 JUSJURANDUM
681 3823 993 3883 MlNlSTllARUlll.

162 3952 205 3999 Pia
216 3960 239 4000 el
250 3968 309 4013 pura
327 3962 351 3999 et
364 3956 447 3999 munda
466 3970 515 3999 sum
529 3970 540 3999 c
553 3955 637 4000 celcris
655 3953 779 4000 immundis
795 3961 818 3999 ct
835 3969 848 3997 a
868 3953 911 3998 riri
928 3967 1064 4012 congressu,
1077 3958 1101 3997 ct
1114 3951 1221 3998 Divinum

129 4030 233 4078 Natalem
246 4042 269 4078 et
281 4033 350 4078 lubae
345 4033 409 4078 'clreu
422 4032 486 4077 celeb
488 4047 513 4077 ro
527 4033 587 4077 llucc
581 4032 618 4076 Ιιο
630 4031 704 4092 patrio
717 4031 764 4077 ritu
776 4039 801 4076 ct
816 4030 926 4090 legitimis
939 4029 1092 4089 temporibus.

169 4152 218 4208 21.
240 4151 450 4230 lusjuraudum
472 4148 569 4226 igitur,
584 4158 613 4206 et
636 4147 770 4205 instituta
789 4144 892 4223 patria,
918 4153 1061 4233 quantum
1080 4137 1225 4199 enunciari

128 4240 244 4312 fasest,
261 4243 419 4313 audivistis,
433 4240 591 4312 camitem,
607 4259 694 4316 quam
706 4235 1045 4315 Steplranuslheogeni,
1061 4230 1225 4312 regisacri·

128 4332 224 4402 liculo‚
239 4334 397 4413 despondit
410 4352 527 4392 uxorem
542 4353 594 4410 pro
609 4352 661 4391 sua
675 4332 744 4399 filia,
755 4349 839 4388 sacra
852 4328 970 4399 secisse,
981 4340 1011 4386 et
1001 4325 1226 4433 jusjurandum

119 4422 264 4487 detulisse
277 4428 415 4503 Geraeris,
430 4425 618 4509 cognovistis.
661 4423 730 4483 lum
741 4421 786 4479 uti
809 4432 934 4493 constet,
954 4440 1011 4480 nec
1027 4420 1061 4479 iis
1075 4417 1147 4497 ipsis
1168 4436 1228 4475 mu-
