2662 4792
230 320 313 376 ιιι.
474 297 692 372 Anvensus
715 311 1062 371 znnorrrnmrnnm.

229 471 323 549 Cujus
336 469 377 528 rei
392 478 595 546 argumentum
609 468 682 527 illud
695 467 813 527 evidens
828 476 883 526 est.
918 467 982 544 Ego
1000 483 1067 524 eum
1081 464 1198 526 cituboz
1219 473 1252 524 tu
1265 486 1323 532 nec

228 560 386 640 sponsione
399 558 543 638 obligasti,
557 579 652 636 neque
666 579 745 617 nunc
759 558 873 617 citabis.

270 656 298 712 8.
321 653 469 711 Praeterec
481 670 550 729 spes
565 650 652 710 etiam
667 650 724 709 slis
738 649 782 708 eis
795 657 840 708 est
852 648 938 707 vestri
952 647 1199 708 circumveniendi
1219 658 1250 708 et
1267 649 1323 708 ful-

228 742 318 803 lendi.
372 741 611 800 Criminabuntur
635 739 877 812 Demosthenem,
900 758 994 818 eoque
1016 761 1063 801 me
1089 741 1196 800 fretum
1222 740 1324 802 dicent

229 833 364 894 eduxisse
378 832 476 905 istum,
490 832 658 892 existiment
669 831 745 891 enim
748 830 836 909 ‚quis
849 839 880 890 et
893 831 1059 898 oratorille
1078 831 1115 891 sit
1139 843 1169 892 et
1189 832 1323 905 celebris,

229 923 378 1003 probabite
393 942 426 982 se
440 922 550 982 crimen
563 921 677 982 afferre.
718 922 794 982 Mihi
807 941 886 1003 vero,
901 922 1110 997 Athenienses,
1127 944 1233 1004 genere
1252 945 1324 987 sane

221 1015 403 1113 conjunctus
417 1023 464 1074 est
477 1014 715 1075 Demosthenes.
736 1024 825 1093 utque
844 1034 895 1092 per
914 1033 1015 1074 omnes
1027 1014 1110 1075 vobis
1124 1016 1227 1105 udjuro
1240 1017 1325 1091 deos,

228 1109 277 1164 me
289 1122 358 1164 veru
371 1105 525 1187 dicturum.
568 1105 628 1166 Sed
640 1105 755 1166 eumad
768 1124 835 1164 eum
850 1104 1051 1185 accessissem,
1067 1115 1097 1167 et
1110 1116 1144 1166 ut
1156 1106 1225 1165 mihi
1238 1108 1325 1169 ades-

230 1205 275 1257 set
297 1215 440 1276 opemque
470 1195 568 1267 ferret,
592 1197 617 1255 si
639 1197 721 1274 quid
733 1206 844 1275 posset,
865 1181 1063 1276 postularem.
1098 1178 1172 1277 Ego,
1196 1200 1323 1276 Demon,

228 1288 332 1375 inquit,
345 1287 451 1348 faciam
464 1295 496 1344 ut
508 1296 542 1346 tu
553 1287 688 1367 jusseris
731 1287 796 1346 Nec
818 1286 895 1346 enim
914 1287 994 1348 eliud
1014 1308 1061 1348 me
1080 1289 1221 1351 decuerit.
1262 1292 1325 1352 Sed

227 1390 324 1438 tamen
338 1388 369 1437 et
380 1378 424 1437 tui
438 1386 469 1437 et
490 1378 547 1437 mei
566 1389 613 1438 est
632 1379 769 1438 habenda
790 1380 872 1439 ratio.
916 1379 990 1439 Mihi
1004 1381 1139 1440 usuvenit
1159 1401 1195 1440 ex
1213 1383 1324 1460 quode

227 1469 377 1548 republica
390 1469 547 1554 conciones
567 1471 674 1530 hahere
693 1470 778 1548 coepi,
798 1481 831 1529 ut
853 1471 891 1530 ad
915 1471 1025 1530 nullam
1039 1491 1166 1551 unquam
1181 1474 1323 1551 privatum

228 1577 347 1618 causam
361 1547 553 1619 accesserim:
575 1560 659 1621 sed
652 1579 681 1618 m
705 1561 770 1642 ipss
783 1560 869 1620 etium
884 1561 1134 1623 administratione
1148 1563 1321 1642 reipublice)

227 1648 525 1711 taliadeclincrim.
1256 1672 1261 1683 ¹
