2662 4792
107 271 169 331 736
390 265 558 327 CONTRA
579 264 932 329 DIONYSODORUM.

109 424 313 506 phem-'totam
325 441 385 484 non
399 423 582 483 aboleremus
595 434 629 484 ut
640 422 705 504 ipse
724 421 895 494 mandabat,
908 415 1070 479 secundum
1080 415 1145 495 iem
1157 430 1210 477 aa·

109 538 180 581 uum
193 527 297 579 nostra
313 516 404 577 hebet
423 526 454 575 et
465 516 599 595 pecuniis
616 515 715 588 utitur,
729 525 759 576 et
773 514 853 594 quod
866 523 915 573 est
926 510 1056 571 omnium
1070 508 1209 589 gratiam·

109 632 200 687 mum,
209 611 345 683 ludices,
357 610 420 690 ipse
433 612 471 671 ab
485 610 549 670 aliis
562 610 682 671 navales
691 628 792 669 usuras
804 608 895 687 exigit
906 607 944 666 de
957 614 1060 665 nostra
1072 602 1211 683 pecunie,-

108 725 197 786 quam
210 722 273 763 non
287 703 409 763 Athenis
423 702 566 762 mutuavit
578 722 632 762 neo
646 701 788 773 Athenas,
804 701 855 761 sed
872 699 1012 758 Rhodum
1021 706 1058 757 et
1072 694 1104 754 in
1119 694 1209 775 AEgy·

109 808 204 879 ptum,
219 794 305 855 nobis
318 813 389 855 vero
403 795 454 875 qui
474 796 506 854 in
524 805 652 857 vestrum
664 804 826 856 mercatum
839 791 1033 852 mutuavimus
1047 787 1122 851 nihil
1134 786 1209 867 arqui

109 887 312 969 prestandum
326 897 438 947 censet.
480 886 556 948 Haec
574 899 608 948 ut
631 907 650 948 a
669 908 715 948 me
727 906 795 948 vere
808 885 866 946 dici
880 892 1007 957 constet,
1022 880 1211 944 recitabimus
1241 962 1246 971 Ι

109 981 192 1043 robis
205 979 453 1065 provocationem,
466 1000 525 1060 qua
536 980 602 1042 hoec
615 982 652 1041 ab
666 1000 701 1041 eo
716 977 937 1061 postulavimus.
1012 994 1019 1003 ·

514 1210 794 1275 PROVOGATIO.

111 1357 162 1417 Ad
182 1356 264 1417 hunc
283 1356 415 1435 modum,
435 1355 570 1431 Judices,
583 1374 650 1416 cum
671 1351 908 1433 Dionysodorum
925 1369 1003 1430 saepe
1022 1370 1211 1429 provocasse·

111 1470 189 1523 mus,
203 1461 235 1511 et
254 1470 307 1529 per
330 1450 495 1530 complures
518 1449 581 1509 dies
601 1446 838 1527 provocationem
857 1443 1123 1523 proposuissemus,
1141 1447 1212 1507 sim·

111 1544 203 1623 plices
222 1562 277 1603 uos
297 1544 414 1623 penitus
435 1544 475 1603 ait
496 1562 561 1602 esse
583 1541 727 1615 homines,
741 1539 765 1599 si
785 1548 954 1618 putaremus
975 1539 1166 1616 usqueadeo
1178 1558 1211 1601 ιο

110 1636 360 1696 inconsideratum
380 1654 455 1707 esse,
470 1645 503 1693 ut
522 1635 561 1693 ad
583 1633 721 1693 arbitrum
740 1632 804 1704 iret,
819 1648 885 1690 cum
907 1628 939 1687 in
954 1638 1060 1707 aperto
1081 1642 1161 1693 esset
1179 1650 1211 1693 to

111 1728 339 1787 condemnatum
353 1726 385 1785 iri
397 1727 435 1786 ad
445 1723 617 1785 solvendam
627 1723 791 1803 pecuniam,
805 1740 873 1782 cum
889 1719 943 1779 sibi
957 1739 1096 1781 nummos
1109 1722 1212 1783 serenti

111 1818 209 1878 venire
229 1819 259 1881 iu
274 1816 417 1897 judicium
439 1818 558 1877 liceret:
580 1816 698 1889 deinde,
720 1816 744 1874 si
763 1833 817 1875 vos
836 1811 975 1872 deludere
988 1825 1101 1892 posset,
1115 1814 1210 1875 abitu·

111 1928 176 1969 rum
187 1928 254 1970 cum
268 1910 363 1971 aliena
377 1910 512 1989 pecunia,
526 1909 571 1969 sin
581 1908 687 1980 miuus,
697 1916 760 1967 tum
771 1906 889 1967 demum
899 1905 1066 1967 soluturum
1080 1919 1115 1969 ut
1122 1907 1210 1969 homo

109 2020 171 2062 uon
181 2003 249 2083 jure
261 2001 364 2075 fretus,
379 2002 431 2062 sed
443 2003 533 2063 vestri
545 2002 706 2083 periculum
718 2000 863 2060 facturus.

152 2096 183 2155 6.
204 2097 280 2161 Qum
291 2095 379 2175 igitur
394 2115 412 2155 a
426 2095 632 2176 Dionysodoro
643 2094 725 2155 fecta
738 2103 816 2165 sunt,
831 2094 964 2169 audistis,
978 2095 997 2154 J
1001 2094 1120 2155 udices:
1144 2114 1211 2175 quer

112 2188 184 2248 duur
209 2184 328 2261 auditis,
355 2188 534 2269 jamdudum
559 2207 612 2247 vos
639 2185 735 2247 mirari
758 2186 880 2246 arbitror
899 2187 1024 2247 hominis
1047 2187 1209 2259 audaciam,

105 2300 206 2361 quave
219 2302 252 2343 re
262 2282 356 2343 fretus
368 2282 428 2341 huc
443 2283 481 2342 sit
493 2282 654 2362 ingressus,
668 2280 806 2360 cogitare.
844 2280 915 2340 Non
929 2280 1006 2339 enim
1016 2280 1143 2341 audacia
1156 2288 1211 2353 eat,

108 2376 138 2435 ai
152 2377 229 2456 quis,
245 2394 284 2435 ex
304 2384 434 2436 mercatu
454 2375 676 2435 Atheniensium
699 2375 851 2454 pecuniam
869 2383 1028 2445 mutuatus,
1042 2372 1074 2433 in
1088 2392 1211 2454 syngra-

112 2467 202 2546 pham
214 2467 319 2547 apertis
341 2467 437 2528 verbis
450 2467 607 2548 inscripsit,
621 2487 654 2527 se
676 2487 779 2527 navem
793 2468 824 2525 in
837 2477 968 2528 vestrum
987 2478 1211 2529 mercaturam·

108 2559 280 2629 ducturum,
294 2559 375 2636 quod
399 2559 453 2617 nisi
473 2559 583 2631 fecerit,
598 2559 719 2637 duplum
740 2559 910 2631 soluturum,
925 2579 1003 2631 eum,
1024 2579 1095 2618 cum
1108 2578 1210 2620 navem

112 2668 168 2708 nec
183 2650 212 2705 in
225 2649 338 2707 P-iraeeo
352 2649 503 2728 appulerit,
518 2670 613 2727 neque
628 2650 779 2729 pecuniam
794 2650 984 2711 creditoribus
999 2652 1170 2725 restituerit,
1181 2660 1211 2712 et

109 2741 290 2800 frumentum
315 2739 413 2800 Rhodi
436 2754 625 2801 exoneratum
649 2742 822 2813 vendiderit,
846 2743 891 2802 his
915 2753 1021 2803 tamen·
1034 2744 1210 2806 facinoribus

112 2837 220 2895 audere
233 2844 347 2895 vestros
362 2836 461 2895 vultus
482 2844 571 2914 atque
592 2855 643 2895 ora
661 2836 784 2896 intueri?
806 2837 886 2903 Quid
900 2847 999 2897 autem
1019 2839 1059 2898 ad
1081 2839 1147 2900 hoec
1166 2859 1210 2899 re·

112 2930 268 3010 spondeat,
292 2950 392 3009 quoeso
415 2930 523 2990 audite.
566 2929 680 2991 Navem
705 2950 741 2991 ex
763 2932 890 3013 AEgypto
907 2934 1078 2993 redeuntem
1098 2945 1209 3016 ruptam

112 3043 177 3084 esse
191 3023 274 3097 dicit,
287 3043 380 3104 eaque
396 3044 429 3084 se
444 3024 481 3085 de
493 3043 584 3084 cause
597 3034 731 3084 coactum
746 3026 887 3085 Rhodum
907 3026 1056 3106 appellere
1070 3038 1160 3108 atque
1171 3023 1210 3087 ihi

111 3116 291 3178 frumentum
306 3137 472 3178 exonerare.
515 3118 588 3198 Ejus
598 3119 639 3178 rei
654 3129 859 3197 argumentum
872 3120 946 3178 illud
959 3139 1026 3179 esse
1037 3120 1121 3195 dicit,
1132 3120 1208 3201 quod

114 3210 214 3271 Rhodi
229 3212 347 3291 navigia
360 3211 532 3272 conduxerit
551 3224 581 3271 et
605 3212 742 3272 mercium
755 3224 866 3291 partem
889 3214 947 3272 huc
969 3213 1092 3274 miserit.
1136 3215 1208 3273 Hoec

111 3302 292 3364 defensionis
307 3305 382 3364 illius
396 3324 455 3364 una
469 3325 535 3383 pars
550 3315 606 3364 est.
649 3305 750 3365 Altera
762 3306 822 3366 illa.
853 3306 904 3365 Ait
918 3315 1042 3366 caeteros
1053 3308 1209 3368 creditores

112 3396 298 3456 concessisse
313 3396 367 3455 sibi
381 3417 484 3456 usuras
499 3398 639 3458 Rhodum
652 3418 762 3477 usque:
784 3399 915 3476 iniquum
925 3398 1014 3476 igitur
1027 3400 1102 3474 fore,
1119 3400 1144 3461 si
1156 3418 1208 3459 nos

111 3487 217 3547 eedem
239 3510 305 3567 quae
327 3489 369 3547 illi
391 3490 553 3550 concedere
573 3492 713 3551 nolimus.
751 3492 860 3565 Tertia,
877 3493 981 3571 jubere
1002 3494 1210 3574 syngrapham,

111 3591 286 3641 conservata
300 3601 386 3652 nave,
402 3581 485 3642 reddi
499 3585 671 3662 pecuniam:
693 3603 797 3645 navem
816 3597 914 3646 autem
931 3585 962 3644 in
984 3586 1130 3648 Piraeeum
1146 3606 1210 3667 per·

114 3671 184 3733 duci
198 3694 258 3733 non
270 3675 411 3754 potuisse.

154 3768 183 3827 t.
197 3766 260 3826 Vos
281 3766 378 3845 igitur,
402 3768 534 3841 Judices,
558 3779 673 3830 nostras
696 3780 799 3830 contra
821 3772 925 3832 horum
949 3771 1067 3851 singula
1083 3774 1210 3834 rationes

114 3859 225 3920 audite.
268 3858 396 3917 Primum
421 3859 500 3937 quod
518 3871 632 3940 ruptam
652 3881 716 3921 esse
737 3882 840 3922 navem
855 3863 936 3935 dicit,
950 3863 1063 3942 liquere
1077 3865 1212 3924 omnibus

114 3953 247 4025 arbitror,
261 3971 327 4012 eum
339 3951 463 4010 mentiri.
506 3953 582 4012 Nam
597 3956 621 4015 si
634 3954 664 4013 id
682 3955 748 4015 navi
762 3956 926 4027 accidisset,
940 3976 977 4015 ne
992 3956 1133 4018 Rhodum
1147 3955 1211 4037 qui·

114 4046 181 4109 dem
195 4046 346 4108 incolumis
359 4044 549 4125 pervenisset,
565 4067 658 4126 neque
669 4060 770 4129 postea
782 4048 960 4126 navigationi
974 4049 1077 4109 luisset
1086 4050 1210 4110 idonea:

114 4159 192 4202 nuuc
206 4160 271 4202 eam
293 4139 431 4199 Rhodum
452 4140 621 4217 pervenisse
639 4152 767 4213 constat,
781 4153 810 4201 et
834 4161 933 4203 rursus
957 4140 1023 4201 inde
1047 4142 1166 4203 missam
1179 4141 1211 4202 in

115 4230 285 4312 AEgyptum,
299 4240 330 4291 et
352 4250 431 4290 nunc
456 4229 543 4290 etiam
567 4233 669 4309 quovis
692 4233 839 4313 navigare,
854 4243 1046 4312 preterquam
1069 4234 1211 4295 Athenas.

117 4321 223 4383 Nonne
237 4344 304 4383 vero
320 4322 478 4383 absurdum
491 4332 546 4395 est,
564 4342 632 4384 eum
646 4326 676 4384 in
690 4326 913 4386 Atheniensium
927 4335 1089 4385 mercatum
1102 4327 1211 4406 perdu-

113 4415 207 4475 cenda
221 4417 369 4488 catervis,
383 4416 479 4475 dicere
491 4417 616 4476 fractam
630 4437 711 4480 esse:
732 4439 823 4497 quum
843 4429 941 4480 autem
963 4417 1062 4477 Rhodi
1080 4419 1211 4481 frumen-

267 4694 307 4746 μέ
