2662 4792
465 288 682 350 ADVERSUS
703 285 956 349 uuuutrutttt.

624 539 786 599 TESTES.

205 685 235 742 9.
250 683 394 743 Praeterea
407 682 512 742 cumei
525 681 607 741 liberi
620 681 752 761 quaterni
766 690 865 740 essent
878 681 949 753 nati,
958 677 1060 739 uterini
1072 678 1129 737 mei
1139 677 1246 749 fratrer,

166 784 196 835 et
209 776 324 846 mortui,
334 775 447 854 sepeliit
460 794 510 835 eos
523 774 553 833 in
566 774 665 853 patriis
676 773 870 844 monimentis,
880 793 946 851 quae
960 780 1103 851 quotquot
1114 789 1131 828 e
1145 768 1247 829 familia

167 876 245 937 sunt,
258 868 447 946 participant:
469 886 564 946 neque
578 866 698 926 istorum
710 866 863 945 quisquam
871 885 1000 945 unquam
1008 862 1111 936 vetuit,
1124 871 1177 922 aut
1185 880 1246 941 pro·

166 958 270 1033 hibuit,
286 980 380 1039 neque
396 979 462 1023 eum
476 958 565 1039 injus
578 959 700 1019 vocavit.
730 958 803 1027 Quis
812 978 882 1018 vero
897 967 953 1030 est,
967 957 1016 1036 qui
1030 976 1048 1015 a
1060 954 1171 1015 familia
1184 952 1248 1013 eiic-

167 1070 221 1110 nos
235 1052 264 1110 in
280 1051 378 1130 patriis
391 1049 506 1131 sepeliri
519 1049 704 1111 monimentis
721 1049 863 1130 patiatur?
895 1050 937 1110 Ut
949 1057 1046 1110 autern
1059 1057 1089 1107 et
1103 1046 1170 1106 hoec
1186 1062 1247 1105 scre

167 1162 185 1201 a
198 1162 245 1203 mc
259 1143 317 1204 dici
330 1152 455 1215 constet,
468 1161 541 1221 cape
555 1141 763 1203 testimonium.

564 1373 867 1435 TESTIMONIUM.

210 1530 256 1587 10.
278 1528 326 1587 De
347 1538 429 1607 patre
450 1528 547 1606 igitur,
562 1528 653 1588 fuisse
674 1546 739 1586 eum
758 1522 976 1597 Atheniensem,
989 1524 1054 1583 haec
1073 1521 1248 1602 habeoque

166 1618 270 1692 dicam,
280 1630 312 1678 et
324 1630 414 1679 testes
423 1620 547 1700 produxi
561 1639 623 1692 eos,
631 1637 704 1699 quos
718 1618 767 1676 isti
780 1618 834 1697 ipsi
847 1616 926 1676 cives
940 1635 1003 1676 esse
1016 1615 1249 1695 pronunciarent,

165 1711 214 1788 qui
236 1711 436 1782 testificantur,
460 1730 524 1769 eum
547 1732 632 1771 suurn
649 1711 740 1770 fuisse
759 1709 972 1769 consobrinum.
1014 1707 1142 1768 Constat
1159 1717 1248 1768 autem

166 1820 235 1859 eum
248 1811 293 1860 tot
305 1811 335 1861 et
355 1814 399 1860 tot
421 1822 513 1861 annos
528 1803 577 1862 hic
590 1802 708 1874 vixisse,
722 1812 751 1861 et
764 1820 912 1879 nunquam
925 1818 1051 1879 usquam
1065 1809 1100 1860 ut
1111 1799 1249 1880 hospitem

165 1911 232 1951 esse
246 1893 470 1972 deprehensum,
486 1894 538 1955 sed
552 1896 590 1953 ad
602 1894 655 1954 hos
668 1904 810 1972 cognatos
830 1912 900 1952 suos
918 1891 1098 1970 confugisse,
1118 1892 1170 1970 qui
1188 1908 1248 1951 eum

167 1994 198 2043 et
218 1996 399 2065 receperunt,
413 1997 444 2047 et
463 1987 618 2047 facultates
642 1986 669 2047 ei
690 1985 899 2066 impertierunt,
921 1996 955 2044 ut
973 2004 1091 2044 snorum
1115 1984 1176 2043 uni.
1213 1982 1248 2043 lis

167 2096 252 2155 porro
266 2079 443 2158 temporibus
465 2086 552 2139 uatus
574 2079 640 2151 fuit,
652 2087 687 2136 ut
708 2077 824 2139 etiarnsi
845 2097 881 2136 ex
904 2076 996 2137 altera
1013 2075 1158 2136 duntaxat
1176 2084 1249 2155 parte

164 2169 239 2229 civis
252 2170 366 2243 fuisset,
380 2172 471 2230 civem
491 2191 558 2231 eum
577 2171 678 2230 haberi
696 2171 873 2243 conveniret,
892 2188 960 2228 curn
973 2177 1060 2227 natus
1073 2178 1143 2229 ante
1156 2166 1249 2227 Eucli-

163 2260 236 2320 'dem
249 2263 345 2324 fuerit.
379 2263 426 2322 De
440 2274 533 2323 matre
545 2272 641 2323 autern
654 2282 829 2323 mea—nam
842 2271 873 2322 et
882 2261 959 2321 hanc
973 2248 1249 2342 exagitarunt-'jum

168 2353 276 2428 dicam,
289 2365 319 2414 et
332 2356 470 2415 orationis
484 2374 557 2414 meae
571 2355 669 2415 citabo
682 2365 784 2415 testes.
824 2355 964 2421 Quamvis
978 2371 1038 2412 non
1052 2353 1142 2413 modo
1156 2362 1250 2413 centn

168 2445 286 2505 decreta
308 2448 455 2506 forensem
479 2456 622 2524 quaestum
643 2447 727 2506 nobis
749 2447 885 2526 objecerit
906 2444 1079 2517 Eubulidas,
1101 2445 1249 2506 sedetiam

168 2546 271 2595 contra
284 2535 375 2615 leges,
388 2558 454 2615 quae
473 2538 595 2596 convicii
609 2537 728 2597 crimine
740 2539 830 2597 teneri
840 2538 945 2616 jubent
959 2557 1036 2609 eum,
1050 2536 1100 2616 qui
1114 2547 1249 2616 quaestum

168 2628 198 2685 in
219 2627 281 2687 foro
301 2629 352 2685 ulli
374 2629 489 2700 civium,
512 2648 563 2686 seu
583 2630 655 2700 viro,
677 2648 729 2688 seu
752 2630 863 2688 mulieri
883 2629 1072 2709 exprobrarit.
1116 2631 1249 2690 Nosvero

168 2719 293 2777 fatemur
306 2729 336 2778 et
348 2719 455 2778 fascias
469 2720 594 2778 vendere
608 2740 672 2792 nos,
684 2730 714 2779 et
723 2720 855 2780 victitare
869 2741 928 2779 non
943 2722 985 2779 uti
998 2720 1144 2780 volumus.
1173 2716 1250 2788 Quod

170 2811 195 2868 si
210 2810 262 2868 tibi
275 2823 445 2888 argumento
469 2821 525 2882 est,
538 2831 591 2870 nos
613 2832 672 2871 non
697 2831 762 2871 esse
783 2814 870 2886 cives,
890 2833 945 2892 ego
967 2812 1018 2872 tibi
1040 2812 1128 2892 hujus
1142 2811 1249 2871 omnino

170 2903 345 2961 contrarium
363 2904 502 2982 probabo,
518 2923 576 2961 non
592 2903 680 2962 licere
701 2905 852 2982 peregrino
866 2905 895 2963 in
915 2907 978 2965 foro
992 2916 1139 2983 quaestum
1153 2906 1250 2967 facere.

171 2993 252 3072 Cape
261 2996 397 3074 primurn,
414 3014 448 3054 ac
459 2995 524 3074 lege
537 2994 606 3053 mibi
617 2994 733 3055 Solonis
747 2995 851 3073 legem.

668 3211 759 3268 LEX.

173 3350 253 3428 Cape
264 3351 350 3410 ctiam
367 3353 580 3431 Aristophontis
595 3354 700 3433 legem.
732 3353 762 3410 Is
775 3352 852 3411 enim
863 3371 928 3412 eam
941 3351 1015 3413 adeo
1029 3363 1110 3413 recte
1123 3363 1153 3414 et
1166 3372 1250 3435 popu-

171 3439 267 3498 lariter
291 3462 355 3500 esse
377 3442 465 3501 latam
490 3445 613 3516 censuit,
636 3457 669 3503 ut
691 3443 949 3504 senatusconsulto
974 3446 1172 3506 renovandam
1194 3462 1250 3505 esse

171 3530 340 3589 decreverit.

664 3692 756 3749 LEX.

174 3828 304 3888 Tuendae
317 3838 385 3888 sunt
394 3829 481 3907 igitur
495 3833 575 3891 vobis
588 3832 678 3911 leges,
693 3853 788 3910 neque
799 3834 819 3891 ii
831 3835 880 3911 qui
893 3844 1037 3912 quaestum
1052 3836 1166 3897 faciunt
1178 3855 1252 3917 pere-

173 3922 256 4000 grini,
269 3920 322 3978 sed
334 3920 384 3997 qui
397 3921 617 3995 calumniantur,
632 3925 754 4003 improbi
769 3937 837 3984 sunt
850 3925 987 3986 habendi.
1014 3927 1088 3987 'Est
1101 3929 1188 4002 enirn,
1200 3930 1252 3987 Eu-

172 4013 282 4084 bulide,
295 4012 351 4071 alia
363 4032 477 4090 quoque
492 4014 538 4071 lex
552 4015 588 4073 de
611 4018 737 4095 ignavia,
753 4018 799 4076 cui
822 4037 888 4076 cum
904 4018 966 4096 ipse
981 4021 1124 4080 obnoxius
1141 4022 1191 4093 sis,
1204 4038 1253 4079 nos

173 4109 223 4185 qui
244 4124 317 4184 opus
340 4104 470 4177 facimus,
497 4108 638 4183 exagitas.
679 4109 788 4167 Verum
811 4128 888 4167 nunc
913 4111 1102 4188 usqueadeo
1126 4112 1253 4171 infelices

173 4217 282 4270 sumus,
303 4209 335 4257 ut
356 4196 403 4256 isti
422 4198 506 4257 liceat
524 4210 606 4258 extra
624 4219 741 4259 causam
756 4201 919 4272 conviciari,
934 4213 1021 4279 atque
1040 4204 1139 4262 omnia
1154 4206 1254 4269 facere,

172 4309 209 4348 ne
231 4309 327 4349 meum
351 4291 420 4350 mibi
434 4293 484 4372 jus
507 4292 668 4352 tribuaturz
689 4313 735 4352 me
757 4306 853 4353 autem
872 4296 995 4355 fortasse
1018 4295 1218 4375 objurgabitis,
1232 4293 1254 4354 si

172 4380 272 4441 dixero
285 4385 528 4461 quemadmodum
549 4385 604 4446 iste
622 4385 652 4445 in
672 4387 744 4448 urbe
764 4387 936 4450 circumiens
949 4407 1010 4449 rem
1025 4388 1124 4449 faciat.
1167 4390 1253 4469 quue

293 4618 358 4692 „J-
