2662 4792
130 275 190 332 756
430 273 602 334 CONTRA
623 270 915 333 THEOCRlNEM.

526 509 832 571 TESTIMONlUM.

130 657 233 717 Recita
253 656 340 717 edam
360 673 471 725 eorum,
484 654 533 733 qui
557 654 735 735 pmpositam
755 671 820 711 eam
842 649 986 720 viderunt,
1006 645 1206 707 testimonium.

129 747 240 809 Recita

523 897 834 959 Tsssrltrotttum:

127 1043 210 1103 Voca
222 1042 309 1104 etiam
319 1053 464 1106 mercatus
477 1054 635 1115 curatores,
647 1043 799 1122 ipsumque
810 1040 968 1108 Miconem,
979 1036 1064 1114 cujus
1078 1032 1208 1095 indicavit

127 1135 285 1216 navigium,
297 1149 328 1197 et
340 1138 516 1198 testimonia.
549 1138 644 1215 Lege:

534 1286 802 1389 castratorum.
843 1302 848 1309 ’

167 1466 201 1528 3.’
219 1468 410 1531 'lbeocrinem
432 1471 520 1551 igitur
540 1456 687 1530 indicasse
708 1467 834 1529 Miconis
858 1465 1015 1545 navigium,
1036 1463 1207 1537 ludicemt

126 1560 332 1641 indicationem
352 1562 401 1623 diu
423 1563 516 1622 fuisse
536 1561 724 1643 propositam,
740 1571 771 1621 et
787 1560 954 1621 accersitum
969 1558 1007 1618 ad
1021 1556 1206 1636 quaestionem

121 1646 184 1712 ¹non
204 1655 346 1734 paruisse,
364 1674 459 1734 neque
480 1644 651 1725 accessisse,
665 1674 716 1714 eos
734 1653 834 1713 testari
857 1650 1018 1721 audivistis,
1036 1669 1113 1729 quos
1130 1648 1159 1709 id
1179 1647 1205 1707 in

124 1746 225 1823 primis
248 1746 354 1806 habere
377 1758 556 1826 compertum
580 1747 724 1806 convenit.
766 1746 840 1803 Eum
861 1764 930 1803 vero
949 1762 1009 1801 uon
1023 1743 1112 1801 modo
1134 1738 1206 1801 mille

125 1834 278 1896 drachmas
292 1839 410 1909 debere,
423 1838 476 1897 sed
491 1850 521 1897 et
541 1839 570 1897 in
583 1857 730 1897 carcerem
744 1836 960 1904 abducendum,
976 1844 1006 1893 et
1019 1834 1139 1913 reliquis
1149 1852 1205 1913 poe·

125 1928 170 1986 nis
183 1930 366 1990 afficiendum
387 1950 464 2001 esse,
478 1950 552 2010 quas
574 1931 638 1991 haec
656 1930 706 1989 lex
725 1930 759 1989 iis
780 1930 915 1999 minatur,
928 1928 978 2007 qui
992 1938 1169 1988 mercatores
1179 1936 1206 1985 et

123 2020 317 2103 navicularios
331 2023 555 2095 calumniantur,
571 2044 608 2083 ex
625 2025 690 2102 ipss
707 2023 772 2100 lege
791 2022 879 2081 facile
898 2020 1094 2099 cognoscetis.
1136 2020 1205 2079 Con

123 2114 199 2175 enim
209 2117 467 2197 uelletlegislator,
476 2138 570 2197 neque
579 2117 782 2196 delinquentes
792 2124 967 2179 mercatores
976 2115 1128 2174 indemnes
1137 2130 1206 2185 esse,

82 2234 85 2241 ·
123 2227 220 2287 neque
234 2210 364 2272 insontes
379 2212 487 2284 vexari,
500 2212 617 2271 omnino
636 2208 790 2289 vetuitlhoc
803 2208 953 2269 hominum
971 2226 1064 2285 genus
1074 2204 1206 2283 indicari,

123 2299 232 2379 niquis
253 2303 314 2382 ipse
336 2305 392 2364 sibi
413 2304 554 2378 confidat,
568 2324 599 2363 se
619 2314 802 2363 ostensurum
824 2299 904 2379 apud
917 2317 978 2368 vos,
991 2297 1072 2357 iacta
1091 2318 1155 2358 esse
1173 2314 1205 2357 et

122 2410 191 2470 quas
211 2393 332 2468 indicat,
344 2396 424 2474 quod
445 2396 551 2474 siquis
571 2395 812 2455 calumniatorum
831 2410 918 2451 secus
935 2390 1047 2462 fecerit,
1060 2390 1148 2450 licere
1159 2406 1205 2451 eos

73 2522 77 2531 ·
122 2483 226 2545 deferri
239 2496 270 2546 et
289 2487 319 2546 in
333 2508 480 2548 carcerem
496 2488 611 2548 abduci.
641 2487 698 2545 Sed
712 2485 805 2565 ipsam
818 2484 916 2564 potius
926 2482 1020 2560 legem
1035 2482 1137 2557 recita,
1144 2500 1204 2563 quar

122 2573 152 2632 id
166 2577 258 2636 multo
272 2580 434 2639 evidentius
447 2601 533 2658 quam
549 2599 614 2657 ego,
626 2579 753 2638 docebit.

617 2770 707 2828 LEX.

121 2908 246 2983 Auditis,
258 2912 389 2987 ludices,
402 2914 492 2993 leges
506 2913 577 2991 quid
593 2910 832 2970 calumniatorem
852 2910 931 2970 luere
942 2911 1089 2991 jubeant?
1110 2913 1202 2980 Quare

120 3002 144 3062 si
158 3003 228 3083 quid
242 3025 342 3064 eorum
360 3027 426 3085 quae
447 3007 476 3066 in
496 3004 670 3064 indicatione
686 3003 836 3063 Miconem
854 3003 958 3063 secisse
977 3002 1093 3082 scripsit
1114 3003 1202 3061 'lireo-

120 3094 225 3168 crines,
239 3097 317 3169 fecit,
330 3099 534 3176 praevaricatus
549 3106 602 3167 est,
617 3116 735 3175 remque
749 3116 815 3154 cunr
830 3116 865 3154 eo
883 3096 1034 3174 transegit,
1049 3097 1131 3155 vobis
1146 3115 1201 3154 om·

120 3186 205 3247 nibus
219 3188 289 3249 facit
301 3191 433 3272 injuriam
447 3191 605 3268 meritoque
623 3189 701 3248 mille
725 3187 869 3247 drachmis
886 3189 1052 3247 mulctatur.
1095 3189 1146 3247 Sin
1161 3207 1201 3256 eo,

120 3297 179 3355 quo
192 3280 324 3355 decebat,
336 3282 629 3361 navigante-utrum
649 3280 725 3338 enim
739 3280 792 3338 iste
806 3278 894 3350 volet,
908 3279 1164 3357 largiar—indicat
1176 3287 1202 3338 et

120 3371 250 3442 arcessit,
269 3383 300 3431 et
318 3374 509 3433 calumniatur
527 3372 729 3443 navicularios,
744 3372 839 3451 legem
861 3391 919 3431 non
943 3392 1005 3430 eam
1028 3370 1122 3430 solum
1141 3390 1201 3452 quoe

119 3462 209 3540 prius,
225 3467 276 3523 sed
289 3467 366 3525 hanc
380 3468 466 3526 etiam
486 3488 553 3547 quae
567 3468 654 3527 modo
672 3467 791 3526 recitata
811 3477 865 3538 cst,
888 3465 1015 3537 violarit,
1029 3480 1060 3525 et
1073 3488 1126 3526 suo
1144 3468 1200 3545 ipse

119 3553 283 3614 testimonio
306 3558 494 3630 confirmavit,
515 3580 546 3618 se
569 3559 631 3617 sani
652 3559 807 3637 quicquam
830 3579 884 3633 nec
908 3578 1005 3636 agere,
1021 3579 1077 3618 nec
1098 3554 1199 3619 dicere.

120 3645 193 3714 Quis
207 3647 283 3705 enim
296 3668 394 3707 causae
407 3650 535 3710 bonitate
556 3652 648 3709 fretus
669 3651 800 3728 pecuniae
813 3660 926 3727 partem
945 3671 980 3708 ex
995 3651 1060 3728 lege
1075 3653 1201 3730 accipere

119 3737 200 3809 nolit,
219 3749 279 3809 aut,
300 3758 330 3798 re
353 3751 501 3801 transacta
520 3762 639 3820 parvom
660 3741 798 3802 lucellum
816 3742 905 3811 malit,
920 3744 1077 3819 pracsertim
1090 3743 1200 3823 legibus

118 3850 181 3891 eant
195 3832 232 3890 ob
246 3851 306 3890 rem
321 3850 420 3911 poenas
438 3832 569 3903 daturus,
583 3854 650 3893 cum
664 3835 773 3904 liceret,
788 3833 866 3911 quod
890 3834 977 3893 modo
999 3835 1144 3908 dicebam,
1158 3853 1200 3893 se·

117 3925 232 3985 missam
253 3925 440 3985 iudicatarum
462 3944 557 3985 rerum
579 3926 734 4005 acciperet
755 3926 859 3994 Nemo,
882 3944 979 3995 nemo,
1002 3926 1130 4005 inquam,
1147 3928 1199 3986 Ju-

116 4016 208 4088 diccs,
222 4019 272 4097 qui
286 4036 318 4078 se
331 4017 567 4078 calumniatorem
582 4039 667 4097 agere
682 4039 740 4078 non
753 4028 932 4097 compertum
944 4019 1075 4081 haberet.

154 4112 194 4170 4.·
206 4111 282 4171 Dure
296 4110 384 4190 igitur
396 4110 441 4169 lroe
455 4111 535 4188 leges
553 4122 632 4181 sunt,
646 4132 719 4189 quas
744 4111 808 4182 iste,
830 4110 1001 4170 violatarum
1016 4113 1115 4191 legum
1129 4112 1199 4173 alios

116 4220 181 4261 reos
195 4222 280 4282 agere
294 4202 407 4274 solitus,
419 4202 546 4262 violavit.
587 4202 692 4262 Restat
714 4214 746 4264 et
768 4202 861 4272 tertia,
880 4224 946 4282 quae
962 4225 1046 4283 acque
1062 4206 1157 4284 jubet,
1171 4213 1200 4264 et

116 4292 232 4351 aerarios
256 4315 274 4355 a
295 4295 395 4374 quovis
412 4295 516 4355 civium
536 4293 652 4362 deterri,
667 4305 697 4354 et
715 4297 740 4354 si
763 4295 827 4373 quis
850 4294 992 4355 Minervae
1014 4296 1132 4371 debeat,
1151 4307 1200 4357 aut

110 4392 272 4445 ceterorum
286 4387 407 4446 deorum
422 4398 472 4447 aut
490 4387 610 4446 heroam
629 4386 724 4444 alicui.
767 4388 883 4447 Debere
906 4398 1003 4447 autern
1016 4389 1071 4448 iste
1085 4410 1198 4467 compe·
