2662 4792
116 258 174 317 642
476 258 519 315 ΙΝ
540 257 791 317 STEPHANUM
815 258 840 317 l.

446 502 733 565 CONTESTATIO
755 498 877 563 LITlS.

145 618 301 678 Apollodorus
313 619 419 668 Panionia
429 620 456 667 1³.
463 619 619 669 Aehunensis
627 636 691 667 reum
703 619 902 682 lenitStephannrn
907 616 1022 667 Meneclis
1030 617 1060 666 1³.
1069 616 1204 667 Athmon-

113 710 161 741 rsm
174 694 227 741 falsi
235 696 369 755 testimonii,
380 697 466 745 mulcta
475 698 595 746 talentum.
628 698 722 745 Falsum
739 698 761 744 in
774 714 812 745 ma
823 697 978 745 testimonium
993 694 1056 743 dixit
1065 696 1204 757 Stephanus,

113 770 218 818 dicendis
226 770 255 819 iis
264 789 316 833 qum
325 773 348 820 in
358 775 435 822 tabnlu
450 774 537 837 scripta
548 781 713 823 sunt-rernm
723 773 775 821 dixi
786 773 950 831 testimonium,
961 772 1068 821 dicendis
1079 772 1109 820 iis
1118 786 1170 834 quo
1178 770 1207 837 iu¹

112 846 190 893 tabula
199 848 286 910 scripta
296 858 358 898 sant.

102 931 187 1019 ⁸Haec
201 959 242 1019 ita
254 961 316 1039 ipse
330 960 484 1040 rescripsit,
500 981 630 1041 quaevos
643 960 810 1022 meminisse
822 960 945 1034 debetis,
959 979 1055 1040 neque
1068 958 1136 1040 plus
1149 959 1203 1019 lra-

112 1051 182 1112 bere
196 1052 264 1114 fidei
277 1054 470 1115 fraudulentis
490 1055 573 1115 istius
587 1054 681 1114 verbis
695 1072 762 1133 quae
777 1074 856 1113 nunc
869 1052 962 1127 affert,
980 1071 1069 1132 quarn
1089 1051 1204 1131 legibus

112 1154 142 1203 et
154 1143 190 1203 iis
203 1165 270 1225 quae
283 1146 346 1226 ipse
360 1146 460 1207 inlitis
475 1146 690 1207 contestatione
703 1146 809 1227 posuit.
839 1213 849 1223 ⁵

155 1240 203 1298 14.
216 1239 312 1298 Audio
322 1258 409 1318 porro
422 1260 484 1313 eos,
497 1239 534 1298 de
547 1239 581 1299 iis
591 1238 678 1299 etiam
688 1240 775 1298 rebus
786 1239 823 1297 ob
834 1257 906 1316 quas
917 1238 954 1296 ab
967 1235 1048 1296 initio
1060 1235 1204 1297 senonem

112 1329 233 1404 institui,
247 1331 377 1392 dicturos
392 1342 422 1390 et
434 1330 647 1403 criminatores,
662 1330 836 1390 calumniam
845 1348 910 1390 eam
923 1327 1024 1388 fuisse.
1052 1328 1204 1407 Egerero,

112 1440 171 1499 quo
185 1434 273 1502 paeto
287 1423 461 1485 locationem
473 1422 665 1496 concinuerit,
681 1431 715 1482 ut
728 1434 833 1484 sortem
846 1441 956 1481 mensae
973 1419 1126 1494 obtineret,
1144 1419 1204 1480 dixi

114 1522 145 1573 et
158 1516 293 1576 recensui
306 1516 407 1577 robis:
430 1515 468 1575 de
482 1517 597 1577 coeteris
610 1535 680 1576 vero
693 1535 753 1576 non
767 1524 869 1595 potero
883 1513 969 1573 simul
982 1513 1080 1573 dicere
1093 1523 1124 1573 et
1136 1512 1203 1573 isto-

111 1624 177 1667 rum
203 1609 376 1669 convincere
402 1607 609 1681 testimonium,
635 1628 729 1688 neque
754 1609 829 1669 enim
851 1628 935 1687 aqua
956 1606 1027 1667 mihi
1055 1607 1129 1669 satis
1149 1618 1205 1668 est.

111 1698 210 1776 Atque
230 1700 305 1761 adeo
321 1719 360 1760 ne
372 1720 425 1761 vos
445 1700 565 1780 quidem
583 1720 635 1762 eos
656 1701 714 1761 illis
736 1701 773 1761 de
795 1702 881 1761 rebus
900 1709 1021 1778 agentes
1035 1700 1103 1780 jure
1122 1699 1204 1761 audi·

111 1797 204 1860 turos,
217 1789 286 1851 inde
300 1791 410 1866 scietis,
421 1793 446 1852 si
460 1792 625 1871 cogitabitis
635 1793 795 1865 vobiscum,
809 1811 903 1872 neque
915 1812 996 1853 nunc
1009 1791 1130 1853 difficile
1139 1810 1203 1853 asae

111 1881 267 1960 dequibus
286 1901 346 1943 non
363 1892 518 1944 accusatus
533 1882 571 1943 sit
582 1885 672 1944 verba
683 1885 792 1955 facere,
807 1905 914 1963 neque,
927 1883 1010 1944 falsis
1031 1883 1204 1945 testimoniis

108 1973 249 2045 recitatis,
263 1975 395 2036 absolvi:
416 1984 551 2035 neutrum
565 1985 663 2036 eutem
677 1977 779 2036 horum
792 1996 857 2036 esse
866 1977 980 2056 justum
992 1976 1148 2057 quisquam
1160 1975 1204 2037 di·

110 2064 196 2140 xerit,
211 2066 263 2126 sed
275 2066 305 2126 id
318 2067 426 2146 potius,
441 2067 521 2147 quod
535 2086 592 2146 ego
605 2087 684 2128 nunc
697 2069 822 2146 postulo.
865 2069 958 2146 ldqne
971 2068 1071 2129 audite
1089 2080 1121 2131 et
1134 2088 1204 2129 con-

109 2157 245 2221 siderate.
287 2160 352 2241 Ego
374 2171 455 2241 peto,
475 2180 542 2240 quse
556 2159 819 2240 mihi-argumenta
836 2162 1014 2241 eripuerunt,
1035 2182 1095 2242 quo
1108 2163 1204 2225 minus

110 2251 149 2311 ad
171 2253 324 2332 probanda
346 2252 469 2314 crimina
491 2253 550 2313 dici
567 2263 700 2333 possent,
715 2272 750 2313 ea
774 2273 853 2315 nunc
866 2255 908 2313 uti
930 2274 967 2315 ne
980 2267 1133 2335 quaerant:
1152 2256 1205 2319 sed

110 2344 216 2423 quibus
235 2345 409 2407 testimoniis
431 2345 609 2425 eripuerunt,
624 2365 660 2406 ea
682 2346 850 2407 testimonia
871 2346 914 2406 uti
928 2366 997 2407 vera
1019 2367 1088 2409 esse
1106 2359 1204 2409 osteu-

110 2435 192 2497 dant.
234 2437 322 2505 Quod
345 2438 380 2509 si,
394 2457 463 2497 curn
484 2457 605 2499 causam
624 2458 724 2517 egero,
743 2438 911 2499 testimonia
931 2449 964 2500 ut
978 2453 1142 2520 coarguam
1154 2460 1206 2521 pe-

110 2536 183 2593 tent,
197 2547 233 2587 ea
255 2547 326 2588 vero
349 2549 439 2607 quum
461 2549 631 2608 persequor,
646 2530 683 2589 de
698 2529 866 2591 criminibus
887 2531 923 2590 ab
946 2530 1028 2591 initio
1051 2532 1207 2612 propositis

110 2620 207 2679 dicere
220 2639 268 2679 me
278 2622 434 2697 jubebunt,
448 2642 543 2699 neque
552 2621 633 2700 justa
647 2642 743 2700 neque
758 2624 838 2683 vobis
851 2623 932 2682 utilia
942 2624 1053 2685 dicent.
1078 2626 1097 2685 J
1100 2625 1206 2687 urastis

110 2712 188 2771 enim
201 2731 253 2772 vos
267 2712 301 2771 iis
317 2713 355 2772 de
368 2714 455 2772 rebus
468 2713 721 2792 pronunciaturos,
736 2717 795 2773 n'on
809 2734 881 2793 quas
905 2735 972 2775 reus
994 2717 1135 2795 postulet,
1150 2718 1205 2779 sed

110 2807 148 2866 de
161 2807 204 2865 eis
223 2825 289 2885 quae
308 2806 338 2865 in
355 2808 470 2867 actione
488 2807 708 2868 contineantur:
736 2827 801 2867 earn
823 2828 891 2868 vero
913 2828 1034 2870 necesse
1053 2821 1100 2870 est
1118 2830 1205 2872 aecu-

110 2901 214 2959 satoris
228 2901 358 2962 oratione
372 2899 519 2980 explicari,
535 2919 592 2978 qua
607 2919 663 2978 ego
682 2900 768 2959 istum
787 2901 852 2960 falsi
868 2902 1023 2961 testimonii
1035 2923 1117 2963 renrn
1136 2905 1205 2965 leci.

111 2993 157 3051 Ne
170 2991 257 3072 igitur
270 2994 327 3053 hoc
341 2992 447 3054 omisso
462 3011 497 3052 ea
513 2992 601 3063 dicet,
615 2992 653 3051 de
673 2992 777 3071 quibus
795 3013 855 3052 non
873 2995 907 3054 fit
919 2995 1086 3073 judiciumz
1107 3017 1205 3077 neque

110 3104 162 3144 vos
176 3084 343 3165 permittite,
358 3085 383 3145 si
396 3085 471 3146 sorte
485 3085 541 3146 iste
555 3086 681 3146 frontem
694 3086 882 3164 perfricuerit.

154 3180 200 3238 15.
220 3180 353 3239 Arbitror
365 3189 463 3239 autem
477 3198 555 3252 eum,
564 3179 642 3238 omni
652 3179 734 3258 juste
746 3179 913 3238 defensione
925 3179 1108 3254 destitutum,
1118 3182 1208 3241 etiam

111 3270 149 3330 ad
162 3271 220 3331 hoc
233 3283 398 3342 venturum,
412 3271 538 3330 absurde
552 3291 599 3331 me
613 3272 721 3341 fecere,
733 3271 903 3350 exceptione
916 3271 1037 3345 victum,
1051 3273 1102 3350 qni
1115 3283 1207 3335 testa-

110 3364 201 3422 menti
215 3373 306 3423 testes
320 3382 495 3442 persequar:
515 3364 595 3443 quod
611 3364 687 3423 illius
702 3364 839 3444 temporis
849 3364 967 3443 judiees
980 3365 1073 3444 magis
1087 3377 1206 3446 propter

29 3442 38 3460 ’
109 3454 323 3527 transactionis,
338 3473 426 3531 quam
444 3465 561 3534 propter
575 3457 742 3516 testamenti
760 3466 862 3529 testes,
878 3456 1085 3519 Phormionem
1108 3460 1205 3521 absol-

109 3545 213 3607 verint.
255 3547 318 3624 Ego
341 3565 421 3617 vero,
440 3548 646 3620 Athenienses,
666 3549 739 3608 scire
759 3567 860 3608 omnes
883 3569 935 3608 vos
951 3551 1098 3625 existimo,
1111 3553 1206 3613 solere

108 3658 160 3697 vos
174 3658 234 3698 rem
252 3647 364 3717 gestam
383 3657 442 3697 non
464 3639 559 3699 minus
574 3651 719 3719 spectare,
734 3660 819 3717 qnam
834 3651 952 3720 propter
965 3662 1031 3702 eam
1045 3645 1139 3705 factes
1153 3665 1205 3705 ex·

108 3731 268 3810 ceptiones.
311 3730 357 3789 De
377 3733 463 3790 rebus
484 3732 573 3810 igitur
586 3733 658 3812 ipsis
671 3732 720 3791 isti
735 3732 809 3792 salso
825 3734 854 3792 in
869 3754 915 3792 me
930 3736 1099 3797 testimonio
1113 3738 1204 3813 dicto,

109 3844 176 3884 mea
198 3825 235 3883 de
255 3823 368 3883 actione
382 3824 471 3883 verba
493 3825 608 3885 infirma
629 3825 829 3897 reddiderunt.
880 3829 941 3887 Sed
962 3829 1009 3889 his
1032 3832 1148 3891 omissis
1162 3833 1206 3893 in·

109 3929 209 3997 eptum
236 3926 291 3987 est,
304 3935 371 3974 cum
395 3935 496 3976 omnes
519 3937 572 3996 pro
596 3918 761 3979 testimonio
784 3920 895 3980 mentiti
919 3923 988 3994 sint,
1012 3923 1077 4001 quis
1102 3943 1206 3985 eorum

109 4010 235 4069 maxime
249 4009 390 4081 nocuerit,
405 4008 570 4071 declarare:
592 4022 622 4071 et
634 4031 693 4070 non
707 4012 803 4091 potius
819 4011 951 4092 singulos
965 4036 996 4074 se
1010 4036 1079 4075 vera
1093 4017 1205 4078 dixisse

109 4103 274 4162 ostendere.
316 4101 420 4180 Neque
443 4102 530 4175 enim,
555 4102 579 4162 si
602 4103 690 4162 alium
714 4105 857 4164 atrociora
876 4107 1056 4167 commisisse
1081 4111 1205 4173 demon·

110 4196 217 4267 strarit,
232 4215 299 4255 eum
315 4195 427 4256 absolvi
441 4195 544 4255 decet:
566 4196 620 4255 sed
634 4197 658 4255 si
672 4196 733 4276 ipse
747 4217 815 4258 vere
831 4218 862 4258 se
877 4200 985 4261 dixisse
1000 4201 1167 4263 declararit.

153 4286 198 4344 16.
221 4288 344 4367 Propter
354 4286 433 4365 quod
446 4288 543 4367 igitur,
559 4288 762 4363 Athenienses,
777 4291 942 4370 Stephanus
956 4292 1044 4352 exitio
1058 4294 1088 4352 in
1103 4296 1203 4373 primis

110 4376 216 4454 dignus
230 4391 286 4452 est,
301 4379 329 4440 id
348 4400 385 4441 ex
400 4400 447 4441 me
467 4380 576 4441 audite.
619 4380 754 4460 Iniquum
775 4394 829 4457 est,
844 4386 1004 4465 opprimere
1025 4405 1203 4466 quemquem
