2662 4792
124 276 180 333 668
344 277 386 334 ΙΝ
413 274 614 335 EVEllGUM
639 276 688 336 ΕΤ
709 270 992 336 MNESlBULUM.

443 520 529 577 LEX.
572 518 882 578 l'ESTlMONlUM.

162 664 211 721 21.
232 660 307 720 Eum
326 660 413 741 igitur
428 662 607 722 concessisse
622 673 651 721 et
664 661 813 721 distulisse
836 659 911 719 diem
927 678 944 717 e
959 656 1083 716 testibus
1099 652 1214 714 audivi-

122 753 192 812 stis:
213 773 259 811 me
274 763 371 813 autem
385 754 557 815 instruxisse
571 754 726 827 triremem,
740 752 900 833 etquidem
915 771 979 810 eam
990 768 1047 827 qua
1058 748 1215 827 imperator

120 846 307 906 Alcimachus
322 848 484 922 veheretur,
498 848 613 927 collega
634 846 664 905 in
685 847 858 927 praefectura
875 864 957 903 meus
972 853 1018 902 est
1032 840 1214 901 testificatus.

121 941 247 1001 Proinde
263 941 334 1000 nihil
349 961 425 1002 ame
446 953 543 1023 petere
564 940 661 1021 potuit
681 951 798 1020 propter
811 938 929 999 dilatam
943 935 1128 1006 solutionem,
1140 952 1214 1013 prm·

120 1032 218 1092 sertim
242 1053 308 1093 cum
321 1035 426 1094 vellem
448 1036 579 1095 solvere:
601 1034 653 1093 sed
668 1032 772 1112 ingens
792 1044 837 1092 est
853 1030 977 1090 hominis
991 1026 1113 1087 avaritia
1124 1034 1214 1105 atque

119 1125 273 1205 cupiditas,
287 1126 421 1199 ludices,
435 1140 495 1187 tam
509 1127 668 1186 minoribus
683 1144 769 1205 quam
780 1123 935 1203 majoribus
950 1123 979 1180 in
994 1121 1089 1179 rebus.
1117 1117 1214 1179 Probe

118 1218 188 1277 item
202 1220 344 1293 sciebant,
359 1222 383 1280 si
395 1221 547 1280 mulierem
559 1219 759 1289 tradidissent,
776 1220 871 1297 palam
886 1218 957 1287 lore,
968 1235 1013 1273 me
1026 1213 1104 1272 falso
1121 1214 1158 1272 ab
1172 1214 1215 1273 eis

119 1329 185 1370 esse
200 1323 388 1371 accusatum:
411 1313 456 1372 sin
469 1333 528 1372 non
548 1311 747 1383 tradidissent,
762 1330 848 1388 quarn
868 1329 933 1367 eum
954 1306 1068 1367 tradere
1085 1305 1214 1365 voluisse

117 1403 263 1463 testificati
277 1404 402 1475 fuerant,
416 1405 478 1464 sore
491 1416 524 1464 ut
543 1405 609 1464 falsi
622 1403 780 1463 testimonii
794 1404 1043 1461 convincerentur.
1086 1398 1149 1458 Oro
1163 1417 1213 1458 au·

118 1503 176 1552 tem
190 1513 252 1567 vos,
266 1495 399 1567 Judices‚
409 1496 432 1555 si
444 1498 510 1573 quis
524 1515 622 1555 eorum
635 1495 709 1555 forte
721 1494 842 1572 quitum
851 1496 901 1571 jus
913 1492 1050 1550 dixerunt
1059 1488 1108 1548 hic
1120 1488 1215 1563 adest,

117 1596 151 1644 ut
163 1586 269 1647 iisdem
290 1588 412 1647 utamini
435 1588 582 1659 institutis,
598 1587 701 1664 quibus
720 1598 782 1645 turn
804 1606 931 1664 quoque.
972 1584 1017 1641 Ac
1040 1582 1064 1642 si
1083 1580 1214 1642 testime-

116 1678 196 1736 nium
218 1689 281 1737 tum
296 1680 355 1739 fide
369 1681 491 1758 dignum
504 1679 597 1740 visum
612 1689 667 1752 est,
681 1679 706 1738 si
724 1698 770 1736 me
789 1678 904 1757 fugisse
923 1696 980 1754 quo
998 1674 1092 1733 minus
1105 1672 1213 1735 veritas

116 1784 345 1849 cognosceretur
360 1793 396 1831 ex
412 1772 529 1830 muliere
540 1771 672 1851 putastis,
686 1791 752 1830 curn
767 1791 847 1830 nunc
861 1770 909 1829 isti
924 1770 1029 1829 falsum
1045 1766 1157 1828 dixisse
1170 1776 1213 1828 te·

116 1862 283 1922 stimonium
298 1865 507 1924 convincantur
520 1874 550 1923 et
562 1864 711 1922 mulierem
726 1863 840 1922 tradere
854 1872 999 1936 recusent,
1014 1870 1047 1919 ut
1067 1880 1114 1918 me
1127 1861 1214 1940 juve·

114 1954 171 2014 tis:
193 1957 272 2034 quod
296 1958 320 2016 si
345 1957 414 2016 mihi
439 1956 504 2016 irati
525 1956 633 2030 fuistis,
656 1957 737 2036 quod
760 1956 880 2035 pignora
902 1966 1040 2035 capturus
1070 1954 1108 2013 ad
1132 1954 1213 2015 redes

114 2047 293 2129 ‘llreophemi
306 2052 429 2121 accessi,
451 2060 485 2108 ut
504 2060 535 2109 et
555 2050 618 2110 istis
642 2070 720 2109 nunc
744 2050 918 2122 irascamini,
933 2048 1010 2127 quod
1031 2067 1113 2108 meas
1132 2047 1214 2109 aedes

115 2138 291 2202 invaserunt.

155 2236 205 2293 22.
226 2234 324 2314 Atque
346 2254 413 2314 ego,
431 2235 546 2315 legibus
568 2247 599 2295 et
618 2236 742 2296 decretis
761 2245 894 2308 coactus,
907 2245 1004 2294 tamen
1023 2234 1087 2294 cavi
1108 2253 1146 2295 ne
1166 2232 1213 2293 vel

115 2326 153 2385 ad
166 2337 278 2406 patrem
291 2328 375 2387 istius
389 2328 566 2407 ingrederer,
579 2328 626 2388 vel
639 2329 677 2388 ad
692 2341 822 2400 matrem,
834 2329 881 2388 vel
894 2327 1050 2406 quicquam
1060 2326 1143 2405 quod
1156 2325 1214 2385 fra·

115 2420 166 2479 tris
181 2425 243 2496 ejus
259 2433 338 2481 esset
351 2420 505 2493 auferrem,
523 2422 575 2480 sed
590 2440 625 2480 eo
639 2422 706 2481 veni
720 2422 769 2481 ubi
790 2424 853 2501 ipse
868 2420 1076 2498 Theophemus
1099 2419 1213 2479 babita-

114 2512 183 2570 bat:
205 2532 371 2589 quemcum
387 2511 540 2571 dominon
560 2513 744 2590 reperissem,
759 2513 829 2572 nihil
848 2534 887 2573 ex
909 2512 1021 2572 aedibus
1043 2511 1145 2591 eripui,
1159 2510 1213 2572 sed

114 2603 225 2661 accersi
234 2604 330 2680 jussi:
352 2613 382 2662 et
394 2614 539 2681 praesente
554 2623 599 2673 eo,
611 2624 668 2663 non
685 2605 815 2675 absente,
828 2606 950 2684 pignora
961 2604 1042 2682 cepi;
1065 2624 1133 2683 quae
1144 2624 1212 2664 cum

114 2693 184 2752 mihi
212 2695 392 2774 eriperentur
414 2696 497 2753 amisi
519 2706 549 2753 et
568 2696 604 2753 ad
623 2706 755 2755 senatum
774 2698 994 2777 legitimumque
1011 2697 1212 2775 magistratum

114 2787 190 2846 abii:
213 2807 308 2867 eoque
330 2787 430 2848 delato
454 2798 484 2847 et
505 2788 644 2847 damnato
668 2790 697 2847 in
719 2801 833 2863 senatu,
849 2790 918 2850 satis
940 2810 1005 2849 esse
1023 2789 1094 2848 duxi
1117 2808 1211 2849 arma·

113 2889 212 2939 menta
233 2880 337 2960 simpla
358 2880 495 2960 recipere,
520 2881 557 2939 de
578 2882 744 2941 verberibus
764 2893 862 2942 autem
885 2882 995 2961 sumpsi
1019 2882 1160 2941 arbitrum
1182 2890 1213 2941 et

112 2973 251 3033 muletam
274 2985 366 3034 ratam
390 2973 488 3033 habui.
530 2974 573 3031 Ac
596 2994 652 3052 ego
674 2974 792 3052 quidem
814 2975 889 3035 adeo
904 2995 951 3034 me
969 2974 1067 3033 lenem
1087 2975 1118 3032 in
1139 2974 1210 3033 istos

112 3067 233 3143 praebui.
259 3068 310 3127 Isti
331 3087 399 3128 vero
414 3067 454 3128 ita
466 3068 630 3147 petulantes
646 3077 676 3126 et
686 3068 840 3146 importuni
855 3069 983 3140 fuerunt,
997 3077 1031 3126 ut
1044 3087 1164 3127 uxorem
1181 3077 1212 3127 et

112 3160 218 3219 liberos
233 3162 437 3240 opprimerent,
452 3179 518 3219 cum
533 3159 650 3240 quidem
663 3179 732 3219 oves
747 3172 776 3220 et
788 3161 915 3220 famulos
930 3160 1130 3232 abstulissent,
1143 3180 1210 3240 quae

112 3252 203 3329 pluris
218 3263 301 3313 erant
315 3273 402 3332 quam
425 3252 528 3331 quanti
549 3272 595 3311 me
613 3253 864 3313 condemnarant:
884 3273 950 3312 cum
966 3273 1050 3333 porro
1071 3254 1152 3314 diem
1166 3254 1211 3315 di-

111 3353 189 3402 ctam
203 3344 396 3414 distulissent,
411 3363 524 3422 egoque
547 3346 743 3422 promisissem
768 3367 823 3420 me,
839 3357 872 3406 ut
887 3367 902 3406 e
923 3347 1047 3406 testibus
1071 3346 1208 3416 audistis,

111 3436 249 3494 mulctam
271 3437 313 3495 eis
337 3436 510 3507 soluturum,
523 3438 552 3495 in
571 3438 650 3497 aedes
669 3438 792 3518 ingressi
807 3451 884 3512 suut,
899 3449 929 3497 et
950 3439 1145 3517 supellectilia
1159 3459 1208 3499 ex·

111 3538 268 3606 portarunt,
283 3539 312 3587 et
328 3529 481 3599 nutricem,
497 3549 595 3589 senem
610 3531 769 3603 mulierem,
783 3544 900 3611 propter
913 3533 1061 3613 cymbium
1076 3534 1208 3594 excarni-

110 3622 252 3689 ficarunt;
276 3641 342 3699 qure
360 3621 457 3679 omnia
480 3622 638 3681 etiamnum
659 3633 770 3695 tenent,
786 3635 815 3684 et
829 3626 959 3683 nondum
974 3626 1144 3697 restituunt,
1160 3646 1208 3686 so-

110 3715 177 3773 lutis
188 3735 206 3774 a
219 3735 265 3774 me
279 3714 357 3774 mille
372 3715 509 3774 trecentis
525 3717 644 3796 triginta
657 3716 747 3776 tribus
760 3718 906 3778 drachmis
922 3719 1036 3778 duobus
1051 3721 1156 3780 obolis.

149 3812 198 3870 23.
222 3810 252 3867 Si
265 3810 330 3888 quis
353 3817 450 3866 autem
474 3828 524 3867 eos
547 3821 609 3868 tum
628 3810 782 3888 ignoravit,
796 3830 832 3869 ac
856 3812 1001 3889 simplices
1023 3812 1156 3872 homines
1178 3823 1208 3872 et

109 3903 221 3979 quietos
237 3921 301 3961 esse
315 3899 437 3980 putavit,
453 3902 618 3961 testimonia
633 3904 714 3962 vobis
733 3902 837 3970 decis,
859 3925 925 3980 quoe
939 3905 1087 3964 testificati
1103 3906 1173 3964 mihi
1187 3906 1207 3963 ii

109 4006 178 4053 sunt
190 4015 264 4074 quos
286 3994 331 4053 isti
355 3993 466 4072 injuriis
488 3993 658 4067 affecerunt,
673 3997 921 4065 recitab0,-uam
936 3997 973 4055 ad
994 4017 1029 4056 ea
1043 3997 1206 4057 enarranda

108 4108 185 4166 aquo
198 4087 267 4146 mihi
282 4088 417 4147 defutura
427 4097 553 4157 esset—-,
565 4087 652 4145 uthis
664 4089 881 4167 omnibus,quae
893 4099 922 4147 et
931 4110 948 4149 a
957 4109 1001 4148 me
1013 4100 1043 4148 et
1052 4110 1070 4149 a
1079 4090 1204 4149 testibus

107 4181 185 4239 dieta
207 4192 283 4253 sunt,
306 4179 507 4252 consideratis,
530 4180 570 4238 ita
593 4181 788 4260 pronuncietis
807 4192 840 4240 ut
859 4194 956 4242 vestra
978 4182 1051 4243 fides
1066 4194 1096 4243 et
1116 4182 1205 4262 juris-

103 4274 220 4350 jurandi
233 4275 335 4354 religio
349 4272 487 4354 postulat.
531 4274 635 4332 lleeita
650 4273 821 4332 testimonia.

530 4415 793 4477 TESTIMONIA.
