2662 4792
111 274 172 335 760
417 272 589 332 CONTRA
609 271 894 332 THEOCRINEM·
944 328 953 336 ,

110 428 286 489 domesticos
299 448 351 487 ros
368 448 386 487 a
405 448 438 488 se
455 428 535 506 diligi
549 427 767 489 dicet—audire
785 438 831 485 est
845 445 943 505 operte
959 426 1095 506 pretium.
1135 428 1190 487 Au·

111 510 243 602 spicahor
256 532 354 583 autem
368 523 404 581 ab
418 522 463 595 iis,
477 542 544 600 quae
557 523 586 581 in
600 541 654 581 nos
668 520 792 581 admisit.
828 519 946 579 Patrem
954 537 1022 578 cum
1036 530 1191 595 accusaret,

110 615 240 687 iudices,
253 633 289 675 ac
301 614 474 675 violatarum
492 615 591 693 legum
604 635 683 675 reum
694 614 813 684 faceret,
828 612 949 672 insidias
962 604 1065 691 puero,
1081 612 1119 673 de
1137 632 1191 691 quo

109 707 257 771 decretum
280 706 420 786 scriptum
440 717 512 778 erat,
526 708 588 767 fieri
609 707 736 776 dicebat,
756 704 785 764 in
807 724 865 783 quo
889 713 970 784 pater
989 704 1100 764 victum
1119 705 1191 775 Cha-

109 799 221 859 ridemo
234 799 381 859 Isonrachi
395 800 454 859 filio
465 801 641 870 decreverat,
654 794 798 870 asserens,
812 799 837 856 si
850 798 878 855 in
892 807 1028 878 paternas
1042 796 1123 857 oedea
1132 798 1192 867 red·

107 889 179 949 isset
191 910 272 968 puer,
286 910 386 950 omnes
406 910 487 970 opes,
506 911 579 970 quas
595 890 763 970 AEschylus,
784 909 803 949 a
823 910 882 968 quo
899 899 961 949 erat
984 889 1192 968 adoptamus

108 982 240 1055 dederat,
252 984 441 1044 amissurum:
463 984 550 1063 idque
564 985 648 1044 salso.
689 984 806 1042 Nemini
818 984 893 1043 enim
907 1002 1038 1061 unquam
1052 982 1193 1065 adoptato,

107 1075 128 1135 J
131 1076 244 1151 udices,
253 1077 283 1136 id
297 1077 413 1137 accidit.
455 1077 495 1141 Er,
511 1077 613 1135 horum
636 1075 764 1135 omnium
777 1086 925 1136 auctorem
939 1074 1136 1154 Polyeuctum
1148 1092 1193 1137 ex·

107 1167 217 1229 stitisse
231 1167 357 1239 dicebat,
368 1170 420 1248 qui,
430 1168 510 1248 pueri
525 1181 644 1229 matrem
654 1169 775 1253 haberet
788 1169 817 1226 iu
829 1167 1021 1240 matrimonio,
1037 1178 1126 1245 atque
1137 1169 1193 1248 ipre

107 1260 190 1339 pueri
214 1280 291 1340 opes·
303 1262 530 1340 concupisceret.
582 1262 652 1321 irati
673 1270 768 1327 autem
791 1260 913 1320 Judices
937 1262 975 1319 oh
997 1280 1036 1319 ea
1058 1260 1147 1331 dicta,
1166 1270 1194 1321 et

108 1354 230 1433 opinati,
244 1356 340 1434 ipsum
353 1355 471 1435 quidem
485 1356 635 1416 decretum
653 1366 682 1413 et
706 1355 854 1432 preamium
868 1352 982 1431 legibus
998 1372 1065 1413 ease
1079 1370 1194 1413 consero

109 1458 239 1522 taneum,
258 1452 360 1507 re'vera
381 1458 478 1507 autem
500 1467 623 1527 puerum
644 1444 766 1526 pecunia
779 1445 944 1505 fraudatum
960 1443 1003 1514 iri,
1021 1453 1136 1523 patrem
1148 1442 1194 1505 dc·

109 1557 174 1598 cem
187 1539 305 1598 talentis
320 1539 507 1610 mulctarunt,
523 1551 556 1599 ut
568 1540 618 1617 qui
630 1556 696 1606 cum¹
716 1536 876 1615 Polyeucto
889 1535 954 1594 haec
969 1534 1130 1607 moliretur,
1141 1533 1194 1607 itti,

109 1640 142 1689 ut
154 1631 234 1708 pueri
248 1630 392 1691 defensori
407 1632 602 1691 crediderunt.
644 1631 689 1689 Ac
703 1649 771 1707 qum
784 1631 814 1689 in
824 1628 935 1708 judicio
948 1626 1195 1701 acciderunthoc

108 1732 139 1782 et
163 1722 329 1801 hujusmodi
352 1724 489 1782 luerunt..
521 1724 561 1783 Ut
581 1731 678 1781 autem
697 1722 804 1791 bonus·
819 1722 875 1781 iste
889 1721 931 1779 vir
950 1719 1090 1793 homines
1113 1720 1194 1781 ireos

108 1834 173 1873 esse
194 1814 407 1883 animadvertit,
431 1824 462 1873 et
484 1814 548 1886 sibi,
571 1826 604 1873 ut
624 1834 683 1873 nou
702 1814 819 1873 omnino
839 1812 962 1885 nefario,
986 1813 1077 1873 fidem
1095 1811 1195 1887 haberi,

109 1905 248 1965 arcessito
269 1905 430 1984 Polyeucto
450 1905 526 1966 diem
549 1906 626 1986 apud
649 1916 801 1985 praetorem
822 1905 893 1967 dicit
907 1906 992 1971 maire
1007 1904 1194 1977 tractationis,

108 1996 286 2076 primamque
315 1998 493 2059 sortitionem
522 1999 573 2059 dat
602 1998 820 2059 Mnesarchidae
853 2000 1005 2059 assessori.
1062 1998 1194 2078 Acceptis

107 2098 205 2149 autem
219 2109 238 2149 a
250 2090 413 2171 Polyeucto
427 2091 564 2151 trecentis
579 2091 732 2165 drachmis,
751 2102 782 2151 et
794 2091 942 2150 atrocibus
960 2091 1019 2150 illis
1033 2091 1193 2151 criminibus

107 2200 198 2260 parvo
220 2203 278 2244 aera
301 2185 436 2256 venditis,
449 2184 488 2243 ob
500 2203 566 2261 quae
587 2194 701 2264 patrem
719 2185 821 2247 decem
835 2183 954 2243 talentis
970 2183 1136 2257 mulctaret,
1147 2181 1193 2251 de,-

42 2303 50 2315 ,
109 2263 193 2344 stitit,
207 2275 419 2356 actionemque,
429 2274 543 2355 pupillo
558 2276 683 2354 prodito,
692 2276 820 2337 sustulit.
847 2277 913 2355 Age
927 2295 1001 2335 voca
1015 2274 1190 2339 mhihoruu

110 2373 210 2427 testes.
268 2402 271 2413 ·

579 2546 742 2605 TESTES.

151 2688 179 2742 9.
203 2682 289 2750 Quod
313 2686 336 2743 si
354 2686 434 2743 dives
454 2685 556 2744 fuisset
569 2697 663 2763 pater,
676 2694 714 2755 et,
736 2706 754 2743 o
768 2687 901 2757 iudices
915 2687 941 2746 ei
956 2687 1035 2747 mille
1050 2688 1192 2750 drachmas

111 2793 259 2834 numerare
275 2777 427 2854 potuisset,
441 2777 558 2835 omnino
571 2779 688 2837 crimine
702 2776 873 2838 violatarum
893 2781 993 2859 legum
1014 2781 1118 2841 fuisset
1135 2781 1195 2840 libe·

112 2878 211 2926 ratus:
232 2878 345 2928 tantum
361 2870 437 2929 enim
452 2870 507 2929 iste
522 2872 558 2929 ab
573 2890 608 2929 eo
622 2870 801 2951 postulabat.
827 2868 906 2952 'Age
921 2892 993 2932 voca
1007 2874 1079 2932 mihi
1095 2873 1192 2953 Philip·

80 3024 83 3037 ¹
111 2960 207 3038 pidem
221 2961 431 3035 Paeaniensem‚
447 2964 484 3022 ad
504 2983 589 3043 quem
610 2965 683 3022 dixit
703 2963 768 3022 haec
784 2963 971 3037 Theocrines,
986 2977 1016 3024 et
1030 2976 1142 3027 ceteros
1155 2963 1193 3044 qui

113 3053 208 3112 sciunt
222 3054 285 3112 haec
301 3058 336 3114 ab
351 3055 406 3113 hoc
421 3076 484 3114 esse
498 3057 584 3114 dicta.

577 3260 735 3320 TESTES.

115 3398 306 3458 Theocrinem
322 3401 417 3478 igitur,
433 3402 448 3458 J
454 3402 564 3474 udices,
584 3403 607 3460 si
622 3403 687 3479 quis
701 3405 726 3460 ei
743 3402 820 3462 mille
834 3402 987 3462 drachmas
1003 3404 1143 3477 dedisset,
1155 3424 1197 3464 ac·

114 3489 291 3548 cusationem
317 3492 405 3568 patris
431 3492 521 3552 fuisse
548 3496 733 3567 aboliturum,
757 3515 858 3556 omnes
881 3515 933 3555 vos
957 3498 1132 3570 credituros,
1150 3495 1198 3556 atri

115 3599 199 3640 nemo
212 3583 393 3653 testificetur,
408 3574 547 3645 arbitror:
569 3587 695 3646 eundem
711 3598 808 3647 autem
827 3589 939 3647 multos·
952 3589 1028 3649 ahos
1041 3591 1199 3657 arcessitu,

114 3684 144 3733 et
158 3673 273 3734 actione
288 3675 420 3735 instituta
432 3680 653 3756 praevaricatum
668 3699 740 3749 esse,
756 3700 902 3760 parvaque
917 3695 1040 3761 accepta
1062 3682 1200 3751 mercede,

115 3767 279 3840 recessisse,
293 3768 405 3846 eosqui
420 3770 447 3827 ei
459 3770 612 3843 dederunt,
627 3772 707 3851 ipsos
721 3773 844 3843 vocabo,
858 3794 895 3832 ne
914 3775 1042 3836 credatis
1056 3777 1095 3850 ei,
1108 3796 1141 3837 se
1155 3776 1200 3834 rb

115 3879 227 3920 servare
251 3861 348 3941 legum
372 3860 536 3935 violatores,
558 3864 703 3942 glorianti,
726 3875 757 3922 et
779 3865 952 3924 violatarum
971 3866 1071 3946 legum
1088 3865 1202 3928 suturis

114 3953 284 4023 actionibus,
299 3972 432 4013 corruere
458 3954 617 4016 libertatem
644 3957 797 4016 dictitanti.
840 3957 916 4017 Hoec
939 3959 1014 4017 enim
1038 3961 1090 4039 qui
1111 3958 1203 4020 omnia

115 4046 254 4116 rendunt,
269 4046 363 4106 dicere
380 4046 485 4105 solent.
517 4048 599 4107 Voce
613 4050 681 4109 mihi
696 4050 931 4110 Aristomachum
946 4051 1110 4113 Critodemi
1118 4052 1202 4113 filiurn

114 4139 341 4218 Alopecensem3
365 4140 389 4195 is
413 4140 489 4197 enirn
507 4140 598 4210 dedit,
612 4144 659 4200 rel
672 4144 768 4221 potius
784 4144 812 4200 iu
828 4144 891 4221 ejus
911 4143 1025 4203 aedibus
1046 4146 1127 4207 datm
1139 4151 1202 4204 suut

114 4230 171 4301 isti,
196 4232 368 4310 incorruptae
390 4232 456 4289 lidei
483 4232 551 4299 viro,
575 4234 640 4290 <lure
666 4236 752 4293 minae
774 4254 841 4293 curn
864 4236 991 4305 dimidia,
1016 4258 1071 4317 pro
1089 4239 1200 4298 decreto

114 4324 193 4397 quod
208 4325 373 4383 Automedo
388 4325 414 4381 in
429 4324 550 4401 gratiam
566 4326 759 4386 Tenediorum
776 4329 852 4387 lecit.
