2662 4792
152 265 210 325 836
584 259 808 324 EPISTOLAE.

151 415 249 476 omnia
272 416 499 496 consequamini.
541 417 616 485 Quae
634 418 724 498 igitur
745 416 795 475 illa
815 412 905 476 suntl
925 413 1032 493 Neque
1051 412 1163 475 civitati
1183 410 1243 485 ulli,

63 498 67 506 ’
152 527 248 588 neque
267 510 334 570 ullis
347 510 415 570 viris
438 511 489 588 qui
510 511 653 591 cujusque
671 509 751 570 urbis
775 516 874 573 vetera
888 506 1023 568 instituta
1042 506 1244 580 defenderunt,

150 600 336 664 irascendum
356 612 412 676 est,
425 605 478 663 sed
493 604 620 663 delenda
637 604 734 682 potius
749 601 901 661 exanimis
916 600 1055 660 memoria
1067 600 1241 679 injuriarum.

151 695 228 755 Nam
243 695 405 755 istiusmodi
421 707 515 755 metus
529 696 629 766 efficit,
644 695 740 776 utqui
754 715 786 755 se
802 693 966 766 foederatis,
979 694 1009 752 in
1029 693 1185 753 manifesto
1197 715 1243 774 pe-

149 787 240 847 riculo
254 788 448 860 versantibus,
462 788 645 847 necessarios
659 808 725 848 esse
739 788 845 860 sciunt,
859 806 945 866 opem
966 785 1070 846 iisdem
1093 788 1243 867 promptis·
1272 854 1278 867 ,

150 879 222 938 sime
235 880 347 939 ferant:
368 881 418 958 qui
431 890 511 941 metu
532 881 589 941 isto
608 880 721 940 liberati
739 899 840 939 omnes
861 880 933 939 fient
946 878 1088 939 mitiores.
1130 879 1167 938 In
1187 900 1242 960 quo

149 989 208 1030 uon
231 991 322 1051 parva
344 981 390 1031 est
417 971 537 1031 utilitas.
578 971 623 1031 Ac
649 970 811 1051 oppidatim
834 972 1013 1050 proclamare
1033 970 1106 1030 talia
1124 971 1243 1031 stultum

147 1063 246 1135 fuerit,
259 1062 316 1123 imo
340 1082 378 1121 ne
399 1064 461 1122 fieri
484 1063 601 1141 quidem
619 1062 649 1122 id
672 1074 783 1142 potest:
806 1063 959 1142 sedprout
979 1081 1114 1123 roseum
1139 1064 1242 1125 civibus

148 1154 250 1215 vestris
258 1155 363 1235 egisse
376 1155 510 1227 viderint,
525 1156 566 1215 ita
589 1155 720 1215 efficietis
737 1166 771 1214 ut
793 1155 915 1233 quisque
936 1174 1003 1214 cum
1025 1155 1141 1215 caeteris
1161 1156 1243 1216 etiam

149 1257 247 1308 actum
266 1248 299 1308 iri
312 1258 473 1328 exspectet.
515 1248 644 1309 Proinde
666 1267 771 1308 censeo
795 1267 889 1325 neque
910 1246 1068 1321 civitatem,
1082 1267 1179 1327 neque
1192 1248 1242 1308 du-

148 1359 223 1406 cem,
236 1360 332 1420 neque
346 1352 499 1415 oratorem,
510 1361 605 1421 neque
622 1342 767 1422 plebeium
782 1360 959 1420 quemquam
974 1359 1086 1413 eorum,
1100 1341 1153 1419 qui
1165 1351 1241 1403 ante·

148 1436 204 1496 hac
217 1457 284 1497 eum
299 1437 464 1498 defendisse
484 1445 593 1497 statum
608 1436 658 1515 qui
672 1445 733 1494 tum
747 1436 804 1494 fuit
816 1434 871 1494 visi
894 1444 971 1506 sunt,
987 1454 1005 1493 a
1019 1452 1170 1512 quoquam
1186 1434 1242 1495 ullo

148 1529 236 1589 modo
260 1530 307 1588 vel
331 1529 493 1589 taxandum
518 1529 566 1588 rel
591 1527 824 1608 objurgandum:
852 1527 916 1609 sed⁴
931 1526 1159 1587 concedendum
1185 1548 1243 1589 esse

147 1621 214 1694 hoc,
228 1641 330 1682 omues
351 1622 430 1681 cives
452 1642 487 1682 ea
509 1616 690 1701 egisse'quae
709 1620 882 1699 oportuerit,
897 1629 1053 1700 postquam
1062 1610 1243 1701 benignitate

149 1712 236 1773 deum
251 1724 423 1774 conservata
435 1714 586 1792 republica
599 1713 682 1773 vobis
696 1713 808 1773 licitum
822 1722 869 1772 est
890 1712 926 1772 de
942 1713 1068 1793 integro,
1083 1723 1183 1774 vestro
1202 1734 1241 1775 ar·

147 1806 266 1874 bitratu,
282 1805 451 1878 deliberare,
465 1816 495 1865 et
508 1805 709 1884 cogitandum,
722 1805 971 1884 quemadmodum
990 1805 1022 1864 in
1045 1805 1124 1879 navi,
1138 1804 1242 1867 cumbi

147 1897 349 1971 velificatione,
376 1897 418 1957 illi
444 1897 633 1977 remigatione
661 1897 957 1976 utendumoeusent,
979 1898 1037 1959 dici
1058 1902 1096 1959 ab
1120 1901 1243 1979 ubisque

148 1989 247 2049 omnia
267 1998 385 2069 propter
401 1988 527 2050 salutem
547 1988 695 2062 tuendam,
709 1990 740 2049 id
752 2009 821 2051 vero
834 1990 986 2070 praelatum
1006 2011 1074 2052 esse
1097 1994 1244 2054 consilium

150 2070 311 2161 quodcum
325 2082 447 2142 deorum
461 2083 609 2142 voluntate
623 2082 799 2161 congruerit.
842 2082 930 2152 Quod
946 2084 971 2143 si
984 2084 1022 2144 de
1041 2085 1199 2164 praeteritis
1211 2084 1244 2147 ad

148 2176 229 2236 bunc
244 2177 366 2236 modum
385 2177 556 2247 statueritis,
572 2188 603 2236 et
615 2175 704 2236 iidem
717 2175 868 2236 invenietis
881 2177 958 2256 apud
975 2196 1089 2251 omnes,
1104 2190 1136 2239 et
1154 2180 1243 2239 officio

148 2271 292 2329 bonorum
312 2260 437 2330 virorum
458 2269 632 2348 fungamini,
647 2277 679 2328 et
690 2287 737 2329 res
752 2278 864 2329 vestras
878 2288 938 2328 noa
952 2289 1057 2348 parum
1073 2271 1203 2351 erigetis,
1217 2280 1243 2331 et

149 2382 200 2422 eos
213 2363 305 2443 quiin
318 2364 439 2424 urbibus
453 2363 599 2423 adversati
613 2361 696 2422 vobis
710 2363 830 2423 fuerunt
843 2383 879 2422 eo
893 2363 1045 2441 redigatis,
1067 2374 1100 2424 ut
1116 2376 1169 2425 ant
1181 2385 1243 2426 con·

150 2456 212 2515 silia
226 2466 340 2517 mutent
353 2475 465 2529 omnes,
484 2466 535 2515 aut
550 2454 668 2515 omnino
682 2454 773 2532 aliqui
786 2445 853 2515 esse
867 2455 897 2513 in
917 2456 1004 2535 culpa
1016 2457 1072 2536 ipsi
1085 2457 1242 2518 videantur.

151 2548 226 2615 Quae
245 2547 333 2626 igitur
346 2567 362 2606 e
379 2548 542 2626 Republica
555 2557 632 2616 sunt,
647 2566 682 2604 ea
699 2547 814 2624 magnis
828 2546 931 2606 animis
945 2557 976 2607 et
989 2548 1114 2609 civiliter
1126 2550 1242 2609 admini-

150 2649 252 2710 strate,
266 2650 296 2697 et
309 2640 485 2717 privatarum
506 2659 602 2696 rerum
625 2639 827 2697 recordamini.
870 2643 966 2719 Atque
980 2640 1044 2701 haec
1060 2662 1116 2721 ego
1135 2662 1241 2713 moneo,

150 2751 209 2789 non
237 2732 361 2790 eandem
386 2730 596 2789 humanitatem
618 2740 757 2808 expertus
778 2732 857 2810 apud
882 2734 1050 2804 nonnullos,
1069 2734 1121 2793 sed
1143 2756 1194 2814 per
1206 2736 1244 2794 iu·

145 2824 251 2903 juriam
267 2834 296 2883 et
310 2822 482 2882 seditionem
495 2824 524 2881 in
539 2823 659 2881 aliorum
675 2825 797 2902 gratiam
813 2825 897 2902 quasi
917 2826 1099 2905 propinatus.
1142 2828 1241 2887 Verum

149 2939 202 2978 nec
217 2919 336 2997 privatae
350 2917 503 2996 explendae
518 2916 674 2976 iracundiae
686 2918 779 2995 gratia
789 2919 954 2996 reipublicae
965 2921 1127 2979 commodis
1142 2940 1242 2981 nocen-

150 3011 219 3069 dum
241 3022 322 3091 puto,
346 3031 441 3089 neque
466 3010 556 3068 ullam
580 3010 684 3088 privati
707 3011 765 3069 odii
789 3022 902 3090 partem
924 3013 1049 3092 publicis
1074 3016 1241 3075 utilitatibus

150 3105 314 3165 admisceo:
338 3104 390 3163 sed
404 3104 441 3162 ad
456 3123 521 3181 quaa
536 3103 608 3162 alios
624 3103 773 3174 adhortor,
786 3124 821 3163 ea
835 3104 905 3163 mihi
918 3106 1010 3183 primo
1032 3126 1099 3166 esse
1114 3108 1243 3168 facienda

150 3217 269 3256 censeo.
311 3198 386 3264 Quae
397 3198 484 3276 igitur
498 3198 701 3274 praeparanda,
717 3217 841 3275 quaeque
855 3199 986 3258 cavenda
1007 3210 1086 3272 sunt,
1101 3202 1243 3279 atquibus

150 3290 272 3366 agendis
287 3292 441 3366 (quantum
464 3289 581 3366 quidem
604 3289 732 3348 humano
755 3291 875 3349 consilio
895 3292 1040 3371 provideri
1057 3298 1170 3372 potest)
1182 3313 1242 3374 pro·

149 3382 289 3457 sperrimo
307 3382 348 3439 uti
374 3399 513 3438 successu
535 3401 621 3459 posse
636 3381 802 3452 videamini,
818 3383 879 3442 fere
895 3405 971 3443 ame
992 3396 1038 3444 est
1052 3388 1241 3466 explicatum:

150 3473 326 3548 quotidianis
340 3483 438 3531 autem
453 3473 578 3550 negotiis
593 3494 731 3552 praeesse,
746 3485 776 3533 et
797 3477 913 3538 casibus
933 3477 1034 3535 subitis
1056 3491 1135 3538 recte
1153 3481 1204 3549 uti,
1217 3488 1244 3538 et

148 3564 291 3642 cujusque
308 3564 350 3622 rei
364 3564 527 3643 intelligere
542 3568 721 3639 occasiones,
730 3578 760 3626 et
769 3568 913 3646 judicare,
928 3590 1052 3648 quaeres
1066 3572 1243 3650 benignitate

148 3657 302 3717 verborum
320 3656 443 3715 obtineri
466 3659 591 3735 possint,
606 3680 673 3737 quae
697 3660 766 3719 item
788 3661 815 3718 vi
830 3662 1037 3739 extorquenda
1055 3664 1124 3736 sint,
1140 3668 1244 3727 ducum

149 3751 278 3809 officium
293 3758 339 3809 est
359 3750 410 3828 qui
427 3751 514 3809 rebus
538 3752 776 3812 administrandis
801 3763 870 3812 sunt
890 3755 1030 3833 praefecti.
1074 3758 1142 3825 Qua
1162 3761 1243 3820 etiam

150 3843 187 3902 de
201 3863 291 3903 causa
310 3842 465 3902 durissima
488 3852 534 3902 est
554 3845 687 3904 dicendae
711 3846 740 3904 in
759 3846 884 3906 concilio
907 3851 1058 3909 sententia
1081 3854 1243 3929 provincia:

148 3956 217 3997 nam
231 3948 310 3997 recte
325 3936 459 3994 consulta
473 3945 503 3993 et
517 3955 625 4013 magno
641 3938 737 3997 studio
762 3938 920 4017 laboreque
943 3944 1066 4019 probata
1086 3963 1165 4023 saepe
1181 3963 1245 4024 pro·

149 4042 249 4111 pterea
263 4042 499 4110 corrumpuntur,
514 4030 594 4107 quod
609 4030 627 4087 ii
641 4032 691 4108 qui
706 4052 741 4090 ea
762 4033 791 4090 in
811 4033 956 4094 mandatis
969 4036 1081 4095 habent
1099 4037 1184 4098 aliter
1196 4057 1244 4097 ex·

150 4137 322 4205 sequuntur.
366 4124 453 4183 Nunc
464 4133 562 4181 tamen
573 4123 648 4180 bene
664 4143 838 4185 successura
851 4146 916 4186 esse
930 4129 1027 4186 omnia
1041 4150 1138 4208 spero.
1171 4131 1244 4189 Nam

149 4216 173 4273 si
191 4218 256 4294 quis
272 4216 468 4276 Alexandrum
483 4234 518 4273 eo
533 4213 711 4272 fortunatum
725 4230 819 4295 putat,
833 4220 912 4297 quod
927 4221 952 4278 ei
971 4242 1243 4301 prosperesucces·

148 4320 250 4368 serunt
263 4310 369 4380 omnia,
384 4310 408 4368 is
423 4307 494 4369 illud
509 4316 633 4385 reputet,
645 4326 712 4366 eum
727 4312 842 4389 agendo
853 4323 883 4372 et
891 4313 1051 4372 laborando
1061 4324 1091 4372 et
1101 4315 1244 4385 audendo,

142 4420 214 4465 non·
232 4401 407 4478 desidendo,
420 4401 513 4463 fuisse
528 4400 718 4462 fortunatum.
761 4402 958 4484 Posteaquam
971 4406 1059 4486 igitur
1073 4426 1150 4467 nunc
1170 4426 1244 4467 mor-
