<?xml version="1.0" encoding="UTF-8"?>
<!DOCTYPE html PUBLIC "-//W3C//DTD XHTML 1.0 Transitional//EN"
    "http://www.w3.org/TR/xhtml1/DTD/xhtml1-transitional.dtd">
<html xmlns="http://www.w3.org/1999/xhtml" xml:lang="en" lang="en">
 <head>
  <title>
</title>
<meta http-equiv="Content-Type" content="text/html;charset=utf-8" />
  <meta name='ocr-system' content='tesseract 3.04.00' />
  <meta name='ocr-capabilities' content='ocr_page ocr_carea ocr_par ocr_line ocrx_word'/>
</head>
<body>
  <div class='ocr_page' id='page_1' title='image "./demosthenisetsc00amergoog_0131.png"; bbox 0 0 2662 4792; ppageno 0'>
   <div class='ocr_carea' id='block_1_1' title="bbox 114 264 920 332">
    <p class='ocr_par' dir='ltr' id='par_1_1' title="bbox 114 264 920 332">
     <span class='ocr_line' id='line_1_1' title="bbox 114 264 920 332; baseline -0.006 0"><span class='ocrx_word' id='word_1_1' title='bbox 114 270 174 332; x_wconf 74' lang='lat' dir='ltr'>uto</span> <span class='ocrx_word' id='word_1_2' title='bbox 406 267 627 329; x_wconf 77' lang='lat' dir='ltr'>ADVERSUS</span> <span class='ocrx_word' id='word_1_3' title='bbox 648 264 920 328; x_wconf 74' lang='lat' dir='ltr'>tuocutussnt.</span> 
     </span>
    </p>
   </div>
   <div class='ocr_carea' id='block_1_2' title="bbox 514 454 809 520">
    <p class='ocr_par' dir='ltr' id='par_1_2' title="bbox 514 454 809 520">
     <span class='ocr_line' id='line_1_2' title="bbox 514 454 809 520; baseline -0.017 1"><span class='ocrx_word' id='word_1_4' title='bbox 514 454 809 520; x_wconf 76' lang='lat' dir='ltr'><strong>CONTESTATIO.</strong></span> 
     </span>
    </p>
   </div>
   <div class='ocr_carea' id='block_1_3' title="bbox 59 595 1213 4483">
    <p class='ocr_par' dir='ltr' id='par_1_3' title="bbox 59 595 1212 2066">
     <span class='ocr_line' id='line_1_3' title="bbox 115 595 1207 683; baseline -0.007 -18"><span class='ocrx_word' id='word_1_5' title='bbox 115 603 307 665; x_wconf 82' lang='lat' dir='ltr'>Contestatns</span> <span class='ocrx_word' id='word_1_6' title='bbox 328 602 416 683; x_wconf 79' lang='lat' dir='ltr'>igitur</span> <span class='ocrx_word' id='word_1_7' title='bbox 432 604 488 664; x_wconf 88' lang='lat' dir='ltr'>iste</span> <span class='ocrx_word' id='word_1_8' title='bbox 504 613 564 676; x_wconf 89' lang='lat' dir='ltr'>est,</span> <span class='ocrx_word' id='word_1_9' title='bbox 576 603 620 665; x_wconf 89' lang='lat' dir='ltr'>ita</span> <span class='ocrx_word' id='word_1_10' title='bbox 640 621 711 663; x_wconf 84' lang='lat' dir='ltr'>sane</span> <span class='ocrx_word' id='word_1_11' title='bbox 727 601 806 662; x_wconf 87' lang='lat' dir='ltr'>sicut</span> <span class='ocrx_word' id='word_1_12' title='bbox 820 598 988 670; x_wconf 84' lang='lat' dir='ltr'>audivistis,</span> <span class='ocrx_word' id='word_1_13' title='bbox 1007 598 1037 657; x_wconf 89' lang='lat' dir='ltr'>in</span> <span class='ocrx_word' id='word_1_14' title='bbox 1049 595 1207 658; x_wconf 79' lang='lat' dir='ltr'>Archiadae</span> 
     </span>
     <span class='ocr_line' id='line_1_4' title="bbox 113 692 1208 775; baseline -0.002 -20"><span class='ocrx_word' id='word_1_15' title='bbox 113 695 313 755; x_wconf 72' lang='lat' dir='ltr'>hereditatem</span> <span class='ocrx_word' id='word_1_16' title='bbox 327 696 376 774; x_wconf 82' lang='lat' dir='ltr'>agi</span> <span class='ocrx_word' id='word_1_17' title='bbox 389 716 447 757; x_wconf 91' lang='lat' dir='ltr'>non</span> <span class='ocrx_word' id='word_1_18' title='bbox 459 714 559 775; x_wconf 87' lang='lat' dir='ltr'>posse,</span> <span class='ocrx_word' id='word_1_19' title='bbox 569 716 637 756; x_wconf 89' lang='lat' dir='ltr'>curn</span> <span class='ocrx_word' id='word_1_20' title='bbox 650 694 745 755; x_wconf 86' lang='lat' dir='ltr'>eisint</span> <span class='ocrx_word' id='word_1_21' title='bbox 757 695 904 755; x_wconf 68' lang='lat' dir='ltr'>currales</span> <span class='ocrx_word' id='word_1_22' title='bbox 917 692 1001 753; x_wconf 81' lang='lat' dir='ltr'>liberi</span> <span class='ocrx_word' id='word_1_23' title='bbox 1013 692 1098 753; x_wconf 85' lang='lat' dir='ltr'>firma</span> <span class='ocrx_word' id='word_1_24' title='bbox 1108 703 1208 753; x_wconf 82' lang='lat' dir='ltr'>aucte·</span> 
     </span>
     <span class='ocr_line' id='line_1_5' title="bbox 112 784 1206 866; baseline -0.003 -20"><span class='ocrx_word' id='word_1_25' title='bbox 112 787 198 847; x_wconf 81' lang='lat' dir='ltr'>ritate</span> <span class='ocrx_word' id='word_1_26' title='bbox 210 806 248 847; x_wconf 86' lang='lat' dir='ltr'>ex</span> <span class='ocrx_word' id='word_1_27' title='bbox 259 786 403 847; x_wconf 89' lang='lat' dir='ltr'>instituto.</span> <span class='ocrx_word' id='word_1_28' title='bbox 441 786 720 866; x_wconf 77' lang='lat' dir='ltr'>Queranusigitur,</span> <span class='ocrx_word' id='word_1_29' title='bbox 730 786 835 847; x_wconf 77' lang='lat' dir='ltr'>sintne</span> <span class='ocrx_word' id='word_1_30' title='bbox 847 787 875 846; x_wconf 91' lang='lat' dir='ltr'>ei</span> <span class='ocrx_word' id='word_1_31' title='bbox 884 785 976 856; x_wconf 81' lang='lat' dir='ltr'>liberi,</span> <span class='ocrx_word' id='word_1_32' title='bbox 989 805 1030 844; x_wconf 88' lang='lat' dir='ltr'>an</span> <span class='ocrx_word' id='word_1_33' title='bbox 1038 784 1206 845; x_wconf 85' lang='lat' dir='ltr'>istefalsurn</span> 
     </span>
     <span class='ocr_line' id='line_1_6' title="bbox 113 876 1208 957; baseline -0.003 -18"><span class='ocrx_word' id='word_1_34' title='bbox 113 887 294 939; x_wconf 86' lang='lat' dir='ltr'>contestatus</span> <span class='ocrx_word' id='word_1_35' title='bbox 308 879 357 939; x_wconf 88' lang='lat' dir='ltr'>sit.</span> <span class='ocrx_word' id='word_1_36' title='bbox 382 878 544 939; x_wconf 81' lang='lat' dir='ltr'>Archiades</span> <span class='ocrx_word' id='word_1_37' title='bbox 557 879 618 952; x_wconf 89' lang='lat' dir='ltr'>ille,</span> <span class='ocrx_word' id='word_1_38' title='bbox 630 878 716 957; x_wconf 85' lang='lat' dir='ltr'>cujus</span> <span class='ocrx_word' id='word_1_39' title='bbox 728 888 774 939; x_wconf 86' lang='lat' dir='ltr'>est</span> <span class='ocrx_word' id='word_1_40' title='bbox 782 878 950 949; x_wconf 70' lang='lat' dir='ltr'><strong>haereditas,</strong></span> <span class='ocrx_word' id='word_1_41' title='bbox 959 876 1112 956; x_wconf 58' lang='lat' dir='ltr'>admavit</span> <span class='ocrx_word' id='word_1_42' title='bbox 1123 877 1208 937; x_wconf 86' lang='lat' dir='ltr'>istius</span> 
     </span>
     <span class='ocr_line' id='line_1_7' title="bbox 112 969 1209 1051; baseline 0 -22"><span class='ocrx_word' id='word_1_43' title='bbox 112 971 163 1051; x_wconf 81' lang='lat' dir='ltr'>qui</span> <span class='ocrx_word' id='word_1_44' title='bbox 176 989 255 1032; x_wconf 90' lang='lat' dir='ltr'>nunc</span> <span class='ocrx_word' id='word_1_45' title='bbox 263 980 446 1033; x_wconf 84' lang='lat' dir='ltr'>contestatus</span> <span class='ocrx_word' id='word_1_46' title='bbox 461 982 506 1032; x_wconf 89' lang='lat' dir='ltr'>est</span> <span class='ocrx_word' id='word_1_47' title='bbox 517 992 625 1032; x_wconf 83' lang='lat' dir='ltr'>avum:</span> <span class='ocrx_word' id='word_1_48' title='bbox 645 971 670 1031; x_wconf 87' lang='lat' dir='ltr'>is</span> <span class='ocrx_word' id='word_1_49' title='bbox 684 991 763 1043; x_wconf 79' lang='lat' dir='ltr'>uero,</span> <span class='ocrx_word' id='word_1_50' title='bbox 783 969 913 1048; x_wconf 84' lang='lat' dir='ltr'>legitimo</span> <span class='ocrx_word' id='word_1_51' title='bbox 925 969 986 1029; x_wconf 90' lang='lat' dir='ltr'>filio</span> <span class='ocrx_word' id='word_1_52' title='bbox 1004 970 1107 1031; x_wconf 85' lang='lat' dir='ltr'>relicto</span> <span class='ocrx_word' id='word_1_53' title='bbox 1125 978 1209 1049; x_wconf 81' lang='lat' dir='ltr'>patre</span> 
     </span>
     <span class='ocr_line' id='line_1_8' title="bbox 109 1061 1209 1142; baseline -0.004 -17"><span class='ocrx_word' id='word_1_54' title='bbox 109 1064 193 1125; x_wconf 87' lang='lat' dir='ltr'>istius</span> <span class='ocrx_word' id='word_1_55' title='bbox 206 1063 373 1136; x_wconf 83' lang='lat' dir='ltr'>Leostrato,</span> <span class='ocrx_word' id='word_1_56' title='bbox 387 1063 426 1124; x_wconf 90' lang='lat' dir='ltr'>ad</span> <span class='ocrx_word' id='word_1_57' title='bbox 441 1065 606 1125; x_wconf 74' lang='lat' dir='ltr'>Eleusinios</span> <span class='ocrx_word' id='word_1_58' title='bbox 618 1063 721 1124; x_wconf 86' lang='lat' dir='ltr'>rediit:</span> <span class='ocrx_word' id='word_1_59' title='bbox 741 1073 810 1142; x_wconf 87' lang='lat' dir='ltr'>post</span> <span class='ocrx_word' id='word_1_60' title='bbox 822 1064 886 1123; x_wconf 76' lang='lat' dir='ltr'>hec</span> <span class='ocrx_word' id='word_1_61' title='bbox 900 1063 963 1142; x_wconf 90' lang='lat' dir='ltr'>ipse</span> <span class='ocrx_word' id='word_1_62' title='bbox 977 1062 1147 1123; x_wconf 84' lang='lat' dir='ltr'>Leortratus</span> <span class='ocrx_word' id='word_1_63' title='bbox 1160 1061 1209 1121; x_wconf 87' lang='lat' dir='ltr'>lti-</span> 
     </span>
     <span class='ocr_line' id='line_1_9' title="bbox 112 1156 1210 1237; baseline -0.002 -20"><span class='ocrx_word' id='word_1_64' title='bbox 112 1156 190 1229; x_wconf 62' lang='lat' dir='ltr'>dem</span> <span class='ocrx_word' id='word_1_65' title='bbox 202 1156 305 1217; x_wconf 87' lang='lat' dir='ltr'>relicto</span> <span class='ocrx_word' id='word_1_66' title='bbox 318 1157 389 1229; x_wconf 78' lang='lat' dir='ltr'>flio,</span> <span class='ocrx_word' id='word_1_67' title='bbox 406 1157 435 1216; x_wconf 92' lang='lat' dir='ltr'>in</span> <span class='ocrx_word' id='word_1_68' title='bbox 457 1167 610 1237; x_wconf 84' lang='lat' dir='ltr'>paternam</span> <span class='ocrx_word' id='word_1_69' title='bbox 627 1157 765 1218; x_wconf 83' lang='lat' dir='ltr'>familiam</span> <span class='ocrx_word' id='word_1_70' title='bbox 785 1157 892 1217; x_wconf 88' lang='lat' dir='ltr'>rediit:</span> <span class='ocrx_word' id='word_1_71' title='bbox 911 1156 960 1216; x_wconf 91' lang='lat' dir='ltr'>ille</span> <span class='ocrx_word' id='word_1_72' title='bbox 973 1176 1043 1217; x_wconf 89' lang='lat' dir='ltr'>vero</span> <span class='ocrx_word' id='word_1_73' title='bbox 1056 1158 1094 1217; x_wconf 91' lang='lat' dir='ltr'>ab</span> <span class='ocrx_word' id='word_1_74' title='bbox 1106 1172 1144 1215; x_wconf 87' lang='lat' dir='ltr'>ee</span> <span class='ocrx_word' id='word_1_75' title='bbox 1156 1174 1210 1235; x_wconf 92' lang='lat' dir='ltr'>po·</span> 
     </span>
     <span class='ocr_line' id='line_1_10' title="bbox 112 1248 1211 1330; baseline 0.002 -23"><span class='ocrx_word' id='word_1_76' title='bbox 112 1257 239 1308; x_wconf 83' lang='lat' dir='ltr'>strennus</span> <span class='ocrx_word' id='word_1_77' title='bbox 252 1249 372 1309; x_wconf 87' lang='lat' dir='ltr'>relictus</span> <span class='ocrx_word' id='word_1_78' title='bbox 383 1251 511 1311; x_wconf 79' lang='lat' dir='ltr'>omniurn</span> <span class='ocrx_word' id='word_1_79' title='bbox 524 1251 732 1330; x_wconf 75' lang='lat' dir='ltr'><strong>adoptatorum</strong></span> <span class='ocrx_word' id='word_1_80' title='bbox 745 1249 808 1309; x_wconf 88' lang='lat' dir='ltr'>sine</span> <span class='ocrx_word' id='word_1_81' title='bbox 828 1249 925 1309; x_wconf 86' lang='lat' dir='ltr'>liberis</span> <span class='ocrx_word' id='word_1_82' title='bbox 938 1249 1075 1322; x_wconf 74' lang='lat' dir='ltr'>decessit,</span> <span class='ocrx_word' id='word_1_83' title='bbox 1087 1248 1211 1329; x_wconf 78' lang='lat' dir='ltr'>proinde</span> 
     </span>
     <span class='ocr_line' id='line_1_11' title="bbox 113 1341 1211 1421; baseline -0.001 -19"><span class='ocrx_word' id='word_1_84' title='bbox 113 1341 224 1402; x_wconf 75' lang='lat' dir='ltr'>tamdia</span> <span class='ocrx_word' id='word_1_85' title='bbox 235 1341 356 1403; x_wconf 82' lang='lat' dir='ltr'>deserta</span> <span class='ocrx_word' id='word_1_86' title='bbox 365 1343 455 1403; x_wconf 88' lang='lat' dir='ltr'>rediit</span> <span class='ocrx_word' id='word_1_87' title='bbox 467 1342 621 1403; x_wconf 81' lang='lat' dir='ltr'>haereditas</span> <span class='ocrx_word' id='word_1_88' title='bbox 634 1360 736 1401; x_wconf 83' lang='lat' dir='ltr'>rursus</span> <span class='ocrx_word' id='word_1_89' title='bbox 750 1342 789 1401; x_wconf 88' lang='lat' dir='ltr'>ad</span> <span class='ocrx_word' id='word_1_90' title='bbox 801 1360 854 1401; x_wconf 85' lang='lat' dir='ltr'>eos</span> <span class='ocrx_word' id='word_1_91' title='bbox 868 1342 918 1419; x_wconf 90' lang='lat' dir='ltr'>qui</span> <span class='ocrx_word' id='word_1_92' title='bbox 937 1343 975 1401; x_wconf 90' lang='lat' dir='ltr'>ab</span> <span class='ocrx_word' id='word_1_93' title='bbox 994 1341 1080 1401; x_wconf 90' lang='lat' dir='ltr'>initio</span> <span class='ocrx_word' id='word_1_94' title='bbox 1103 1356 1211 1421; x_wconf 67' lang='lat' dir='ltr'>geone</span> 
     </span>
     <span class='ocr_line' id='line_1_12' title="bbox 111 1424 1211 1514; baseline -0.003 -19"><span class='ocrx_word' id='word_1_95' title='bbox 111 1424 236 1514; x_wconf 75' lang='lat' dir='ltr'>proximi</span> <span class='ocrx_word' id='word_1_96' title='bbox 248 1434 377 1495; x_wconf 85' lang='lat' dir='ltr'>fuerunt.</span> <span class='ocrx_word' id='word_1_97' title='bbox 416 1436 483 1504; x_wconf 85' lang='lat' dir='ltr'>Quo</span> <span class='ocrx_word' id='word_1_98' title='bbox 496 1444 584 1514; x_wconf 90' lang='lat' dir='ltr'>pacto</span> <span class='ocrx_word' id='word_1_99' title='bbox 597 1434 696 1513; x_wconf 81' lang='lat' dir='ltr'>igitur,</span> <span class='ocrx_word' id='word_1_100' title='bbox 708 1434 790 1512; x_wconf 87' lang='lat' dir='ltr'>quod</span> <span class='ocrx_word' id='word_1_101' title='bbox 806 1433 888 1494; x_wconf 89' lang='lat' dir='ltr'>istius</span> <span class='ocrx_word' id='word_1_102' title='bbox 908 1435 1120 1495; x_wconf 61' lang='lat' dir='ltr'>contestatione</span> <span class='ocrx_word' id='word_1_103' title='bbox 1132 1432 1211 1494; x_wconf 79' lang='lat' dir='ltr'>affir-</span> 
     </span>
     <span class='ocr_line' id='line_1_13' title="bbox 111 1525 1212 1606; baseline -0.001 -19"><span class='ocrx_word' id='word_1_104' title='bbox 111 1537 219 1602; x_wconf 87' lang='lat' dir='ltr'>matur,</span> <span class='ocrx_word' id='word_1_105' title='bbox 238 1527 290 1587; x_wconf 89' lang='lat' dir='ltr'>filii</span> <span class='ocrx_word' id='word_1_106' title='bbox 306 1527 396 1605; x_wconf 72' lang='lat' dir='ltr'>aliqu</span> <span class='ocrx_word' id='word_1_107' title='bbox 416 1527 573 1587; x_wconf 79' lang='lat' dir='ltr'>Archiadae</span> <span class='ocrx_word' id='word_1_108' title='bbox 590 1527 693 1605; x_wconf 86' lang='lat' dir='ltr'>reliqui</span> <span class='ocrx_word' id='word_1_109' title='bbox 715 1546 780 1587; x_wconf 87' lang='lat' dir='ltr'>esse</span> <span class='ocrx_word' id='word_1_110' title='bbox 802 1535 933 1606; x_wconf 75' lang='lat' dir='ltr'>possent,</span> <span class='ocrx_word' id='word_1_111' title='bbox 950 1546 1019 1586; x_wconf 88' lang='lat' dir='ltr'>curn</span> <span class='ocrx_word' id='word_1_112' title='bbox 1037 1535 1069 1587; x_wconf 91' lang='lat' dir='ltr'>et</span> <span class='ocrx_word' id='word_1_113' title='bbox 1083 1525 1212 1606; x_wconf 74' lang='lat' dir='ltr'>adoptivi</span> 
     </span>
     <span class='ocr_line' id='line_1_14' title="bbox 111 1618 1211 1698; baseline 0.001 -20"><span class='ocrx_word' id='word_1_114' title='bbox 111 1619 177 1698; x_wconf 84' lang='lat' dir='ltr'>ejus</span> <span class='ocrx_word' id='word_1_115' title='bbox 191 1638 223 1680; x_wconf 88' lang='lat' dir='ltr'>se</span> <span class='ocrx_word' id='word_1_116' title='bbox 239 1637 389 1698; x_wconf 80' lang='lat' dir='ltr'>regressos</span> <span class='ocrx_word' id='word_1_117' title='bbox 404 1638 470 1678; x_wconf 86' lang='lat' dir='ltr'>ease</span> <span class='ocrx_word' id='word_1_118' title='bbox 484 1619 641 1690; x_wconf 79' lang='lat' dir='ltr'>fateantur,</span> <span class='ocrx_word' id='word_1_119' title='bbox 655 1628 686 1678; x_wconf 89' lang='lat' dir='ltr'>et</span> <span class='ocrx_word' id='word_1_120' title='bbox 704 1618 730 1678; x_wconf 90' lang='lat' dir='ltr'>is</span> <span class='ocrx_word' id='word_1_121' title='bbox 750 1618 800 1698; x_wconf 91' lang='lat' dir='ltr'>qui</span> <span class='ocrx_word' id='word_1_122' title='bbox 820 1628 987 1698; x_wconf 86' lang='lat' dir='ltr'>postremus</span> <span class='ocrx_word' id='word_1_123' title='bbox 998 1618 1031 1677; x_wconf 89' lang='lat' dir='ltr'>in</span> <span class='ocrx_word' id='word_1_124' title='bbox 1043 1618 1156 1679; x_wconf 85' lang='lat' dir='ltr'>familia</span> <span class='ocrx_word' id='word_1_125' title='bbox 1166 1634 1211 1679; x_wconf 75' lang='lat' dir='ltr'>re·</span> 
     </span>
     <span class='ocr_line' id='line_1_15' title="bbox 110 1708 1210 1771; baseline -0.002 0"><span class='ocrx_word' id='word_1_126' title='bbox 110 1710 199 1771; x_wconf 80' lang='lat' dir='ltr'>lictis</span> <span class='ocrx_word' id='word_1_127' title='bbox 213 1720 260 1771; x_wconf 82' lang='lat' dir='ltr'>cst</span> <span class='ocrx_word' id='word_1_128' title='bbox 272 1712 360 1770; x_wconf 83' lang='lat' dir='ltr'>orbus</span> <span class='ocrx_word' id='word_1_129' title='bbox 371 1710 554 1770; x_wconf 68' lang='lat' dir='ltr'>decesserit?</span> <span class='ocrx_word' id='word_1_130' title='bbox 581 1709 709 1769; x_wconf 84' lang='lat' dir='ltr'>Proinde</span> <span class='ocrx_word' id='word_1_131' title='bbox 728 1728 848 1770; x_wconf 88' lang='lat' dir='ltr'>neeesse</span> <span class='ocrx_word' id='word_1_132' title='bbox 863 1719 909 1770; x_wconf 90' lang='lat' dir='ltr'>est</span> <span class='ocrx_word' id='word_1_133' title='bbox 921 1708 1061 1771; x_wconf 84' lang='lat' dir='ltr'>familiam</span> <span class='ocrx_word' id='word_1_134' title='bbox 1079 1729 1147 1770; x_wconf 86' lang='lat' dir='ltr'>esse</span> <span class='ocrx_word' id='word_1_135' title='bbox 1159 1709 1210 1769; x_wconf 91' lang='lat' dir='ltr'>de-</span> 
     </span>
     <span class='ocr_line' id='line_1_16' title="bbox 59 1784 1210 1882; baseline 0 -20"><span class='ocrx_word' id='word_1_136' title='bbox 59 1784 69 1809; x_wconf 51' lang='lat'>*</span> <span class='ocrx_word' id='word_1_137' title='bbox 111 1811 235 1863; x_wconf 64' lang='lat' dir='ltr'>aarum:</span> <span class='ocrx_word' id='word_1_138' title='bbox 256 1821 323 1880; x_wconf 86' lang='lat' dir='ltr'>ques</span> <span class='ocrx_word' id='word_1_139' title='bbox 337 1802 453 1861; x_wconf 50' lang='lat' dir='ltr'>&amp;seno</span> <span class='ocrx_word' id='word_1_140' title='bbox 465 1821 533 1861; x_wconf 89' lang='lat' dir='ltr'>cum</span> <span class='ocrx_word' id='word_1_141' title='bbox 547 1801 596 1872; x_wconf 92' lang='lat' dir='ltr'>sit,</span> <span class='ocrx_word' id='word_1_142' title='bbox 605 1800 688 1860; x_wconf 85' lang='lat' dir='ltr'>liberi</span> <span class='ocrx_word' id='word_1_143' title='bbox 702 1820 856 1881; x_wconf 71' lang='lat' dir='ltr'>superesse</span> <span class='ocrx_word' id='word_1_144' title='bbox 870 1813 1031 1881; x_wconf 89' lang='lat' dir='ltr'>nequeunt.</span> <span class='ocrx_word' id='word_1_145' title='bbox 1052 1803 1210 1882; x_wconf 68' lang='lat' dir='ltr'>{steigittr</span> 
     </span>
     <span class='ocr_line' id='line_1_17' title="bbox 111 1894 1209 1976; baseline 0.002 -21"><span class='ocrx_word' id='word_1_146' title='bbox 111 1903 294 1955; x_wconf 72' lang='lat' dir='ltr'>contestatus</span> <span class='ocrx_word' id='word_1_147' title='bbox 308 1903 356 1953; x_wconf 86' lang='lat' dir='ltr'>est</span> <span class='ocrx_word' id='word_1_148' title='bbox 368 1912 420 1953; x_wconf 89' lang='lat' dir='ltr'>eos</span> <span class='ocrx_word' id='word_1_149' title='bbox 434 1894 485 1972; x_wconf 91' lang='lat' dir='ltr'>qui</span> <span class='ocrx_word' id='word_1_150' title='bbox 498 1914 558 1954; x_wconf 88' lang='lat' dir='ltr'>uon</span> <span class='ocrx_word' id='word_1_151' title='bbox 571 1903 641 1953; x_wconf 88' lang='lat' dir='ltr'>sunt</span> <span class='ocrx_word' id='word_1_152' title='bbox 654 1913 736 1964; x_wconf 86' lang='lat' dir='ltr'>esse;</span> <span class='ocrx_word' id='word_1_153' title='bbox 756 1904 787 1953; x_wconf 91' lang='lat' dir='ltr'>et</span> <span class='ocrx_word' id='word_1_154' title='bbox 803 1895 833 1953; x_wconf 88' lang='lat' dir='ltr'>in</span> <span class='ocrx_word' id='word_1_155' title='bbox 849 1895 1063 1955; x_wconf 77' lang='lat' dir='ltr'>contestatione</span> <span class='ocrx_word' id='word_1_156' title='bbox 1083 1894 1209 1976; x_wconf 76' lang='lat' dir='ltr'>scripse,</span> 
     </span>
     <span class='ocr_line' id='line_1_18' title="bbox 110 1986 899 2066; baseline -0.003 -19"><span class='ocrx_word' id='word_1_157' title='bbox 110 2006 197 2047; x_wconf 88' lang='lat' dir='ltr'>cum</span> <span class='ocrx_word' id='word_1_158' title='bbox 223 1986 311 2047; x_wconf 88' lang='lat' dir='ltr'>sint</span> <span class='ocrx_word' id='word_1_159' title='bbox 336 1986 469 2057; x_wconf 87' lang='lat' dir='ltr'>liberi,</span> <span class='ocrx_word' id='word_1_160' title='bbox 490 1987 540 2066; x_wconf 89' lang='lat' dir='ltr'>qui</span> <span class='ocrx_word' id='word_1_161' title='bbox 552 2005 644 2045; x_wconf 82' lang='lat' dir='ltr'>unuin</span> <span class='ocrx_word' id='word_1_162' title='bbox 659 2006 692 2046; x_wconf 92' lang='lat' dir='ltr'>se</span> <span class='ocrx_word' id='word_1_163' title='bbox 704 2005 772 2047; x_wconf 89' lang='lat' dir='ltr'>esse</span> <span class='ocrx_word' id='word_1_164' title='bbox 784 1986 899 2046; x_wconf 87' lang='lat' dir='ltr'>asserit.</span> 
     </span>
    </p>

    <p class='ocr_par' dir='ltr' id='par_1_4' title="bbox 108 2078 1213 3531">
     <span class='ocr_line' id='line_1_19' title="bbox 137 2078 1209 2140; baseline 0.002 -2"><span class='ocrx_word' id='word_1_165' title='bbox 137 2080 203 2140; x_wconf 76' lang='lat' dir='ltr'>ld.</span> <span class='ocrx_word' id='word_1_166' title='bbox 219 2080 340 2140; x_wconf 84' lang='lat' dir='ltr'>Atcunr</span> <span class='ocrx_word' id='word_1_167' title='bbox 354 2078 425 2139; x_wconf 88' lang='lat' dir='ltr'>dicit</span> <span class='ocrx_word' id='word_1_168' title='bbox 446 2079 659 2139; x_wconf 70' lang='lat' dir='ltr'>naturales</span> <span class='ocrx_word' id='word_1_169' title='bbox 677 2079 786 2139; x_wconf 82' lang='lat' dir='ltr'>firme</span> <span class='ocrx_word' id='word_1_170' title='bbox 808 2079 1066 2140; x_wconf 88' lang='lat' dir='ltr'>auctoritate</span> <span class='ocrx_word' id='word_1_171' title='bbox 1089 2098 1137 2139; x_wconf 85' lang='lat' dir='ltr'>ex</span> <span class='ocrx_word' id='word_1_172' title='bbox 1159 2080 1209 2140; x_wconf 84' lang='lat' dir='ltr'>in-</span> 
     </span>
     <span class='ocr_line' id='line_1_20' title="bbox 109 2171 1210 2252; baseline -0.001 -16"><span class='ocrx_word' id='word_1_173' title='bbox 109 2174 274 2250; x_wconf 85' lang='lat' dir='ltr'>stituto,</span> <span class='ocrx_word' id='word_1_174' title='bbox 294 2173 486 2252; x_wconf 86' lang='lat' dir='ltr'>imposturam</span> <span class='ocrx_word' id='word_1_175' title='bbox 498 2171 570 2232; x_wconf 82' lang='lat' dir='ltr'>facit</span> <span class='ocrx_word' id='word_1_176' title='bbox 583 2182 685 2232; x_wconf 83' lang='lat' dir='ltr'>contra</span> <span class='ocrx_word' id='word_1_177' title='bbox 696 2171 803 2251; x_wconf 79' lang='lat' dir='ltr'>legem.</span> <span class='ocrx_word' id='word_1_178' title='bbox 827 2172 903 2231; x_wconf 87' lang='lat' dir='ltr'>Nam</span> <span class='ocrx_word' id='word_1_179' title='bbox 916 2171 990 2230; x_wconf 90' lang='lat' dir='ltr'>illud</span> <span class='ocrx_word' id='word_1_180' title='bbox 1003 2181 1049 2232; x_wconf 88' lang='lat' dir='ltr'>est</span> <span class='ocrx_word' id='word_1_181' title='bbox 1063 2191 1132 2233; x_wconf 88' lang='lat' dir='ltr'>esse</span> <span class='ocrx_word' id='word_1_182' title='bbox 1150 2192 1210 2235; x_wconf 86' lang='lat' dir='ltr'>na·</span> 
     </span>
     <span class='ocr_line' id='line_1_21' title="bbox 109 2264 1209 2345; baseline -0.004 -16"><span class='ocrx_word' id='word_1_183' title='bbox 109 2265 296 2338; x_wconf 83' lang='lat' dir='ltr'>ruralem,</span> <span class='ocrx_word' id='word_1_184' title='bbox 316 2265 342 2325; x_wconf 90' lang='lat' dir='ltr'>si</span> <span class='ocrx_word' id='word_1_185' title='bbox 356 2265 420 2344; x_wconf 90' lang='lat' dir='ltr'>quis</span> <span class='ocrx_word' id='word_1_186' title='bbox 435 2265 546 2325; x_wconf 86' lang='lat' dir='ltr'>semine</span> <span class='ocrx_word' id='word_1_187' title='bbox 560 2274 641 2325; x_wconf 83' lang='lat' dir='ltr'>satus</span> <span class='ocrx_word' id='word_1_188' title='bbox 654 2264 751 2339; x_wconf 87' lang='lat' dir='ltr'>fuerit,</span> <span class='ocrx_word' id='word_1_189' title='bbox 765 2265 865 2325; x_wconf 87' lang='lat' dir='ltr'>etheo</span> <span class='ocrx_word' id='word_1_190' title='bbox 879 2273 1002 2324; x_wconf 88' lang='lat' dir='ltr'>testatur</span> <span class='ocrx_word' id='word_1_191' title='bbox 1019 2264 1068 2324; x_wconf 82' lang='lat' dir='ltr'>lea</span> <span class='ocrx_word' id='word_1_192' title='bbox 1086 2265 1135 2325; x_wconf 81' lang='lat' dir='ltr'>liis</span> <span class='ocrx_word' id='word_1_193' title='bbox 1147 2284 1209 2345; x_wconf 72' lang='lat' dir='ltr'>uer·</span> 
     </span>
     <span class='ocr_line' id='line_1_22' title="bbox 110 2359 1209 2441; baseline -0.005 -17"><span class='ocrx_word' id='word_1_194' title='bbox 110 2364 169 2437; x_wconf 88' lang='lat' dir='ltr'>bis,</span> <span class='ocrx_word' id='word_1_195' title='bbox 190 2381 299 2441; x_wconf 86' lang='lat' dir='ltr'>quani</span> <span class='ocrx_word' id='word_1_196' title='bbox 320 2360 586 2441; x_wconf 89' lang='lat' dir='ltr'>desponderit</span> <span class='ocrx_word' id='word_1_197' title='bbox 607 2370 717 2440; x_wconf 89' lang='lat' dir='ltr'>pater</span> <span class='ocrx_word' id='word_1_198' title='bbox 739 2369 805 2419; x_wconf 90' lang='lat' dir='ltr'>aut</span> <span class='ocrx_word' id='word_1_199' title='bbox 822 2359 1036 2419; x_wconf 81' lang='lat' dir='ltr'>fratenaut</span> <span class='ocrx_word' id='word_1_200' title='bbox 1051 2378 1209 2434; x_wconf 68' lang='lat' dir='ltr'>aenaea</span> 
     </span>
     <span class='ocr_line' id='line_1_23' title="bbox 108 2452 1209 2533; baseline -0.004 -16"><span class='ocrx_word' id='word_1_201' title='bbox 108 2475 156 2517; x_wconf 89' lang='lat' dir='ltr'>ea</span> <span class='ocrx_word' id='word_1_202' title='bbox 179 2455 388 2515; x_wconf 77' lang='lat' dir='ltr'>naturales</span> <span class='ocrx_word' id='word_1_203' title='bbox 412 2473 456 2513; x_wconf 87' lang='lat' dir='ltr'>ac</span> <span class='ocrx_word' id='word_1_204' title='bbox 478 2452 661 2532; x_wconf 80' lang='lat' dir='ltr'>legitimi</span> <span class='ocrx_word' id='word_1_205' title='bbox 689 2452 809 2512; x_wconf 88' lang='lat' dir='ltr'>liberi</span> <span class='ocrx_word' id='word_1_206' title='bbox 839 2462 971 2512; x_wconf 85' lang='lat' dir='ltr'>sunto:</span> <span class='ocrx_word' id='word_1_207' title='bbox 1000 2454 1124 2513; x_wconf 86' lang='lat' dir='ltr'>verbum</span> <span class='ocrx_word' id='word_1_208' title='bbox 1144 2472 1209 2533; x_wconf 86' lang='lat' dir='ltr'>pos·</span> 
     </span>
     <span class='ocr_line' id='line_1_24' title="bbox 108 2545 1209 2627; baseline -0.003 -19"><span class='ocrx_word' id='word_1_209' title='bbox 108 2570 142 2609; x_wconf 90' lang='lat' dir='ltr'>ro</span> <span class='ocrx_word' id='word_1_210' title='bbox 169 2558 259 2607; x_wconf 82' lang='lat' dir='ltr'>rata</span> <span class='ocrx_word' id='word_1_211' title='bbox 295 2546 547 2606; x_wconf 87' lang='lat' dir='ltr'>auctoritate</span> <span class='ocrx_word' id='word_1_212' title='bbox 574 2545 725 2623; x_wconf 84' lang='lat' dir='ltr'>legislator</span> <span class='ocrx_word' id='word_1_213' title='bbox 752 2545 789 2604; x_wconf 93' lang='lat' dir='ltr'>de</span> <span class='ocrx_word' id='word_1_214' title='bbox 819 2546 1025 2624; x_wconf 87' lang='lat' dir='ltr'>adoptionibus</span> <span class='ocrx_word' id='word_1_215' title='bbox 1049 2547 1209 2627; x_wconf 85' lang='lat' dir='ltr'>usurpavit,</span> 
     </span>
     <span class='ocr_line' id='line_1_25' title="bbox 110 2638 1209 2723; baseline -0.001 -24"><span class='ocrx_word' id='word_1_216' title='bbox 110 2639 409 2723; x_wconf 85' lang='lat' dir='ltr'>quodexistimabat,</span> <span class='ocrx_word' id='word_1_217' title='bbox 431 2638 580 2716; x_wconf 90' lang='lat' dir='ltr'>siquis,</span> <span class='ocrx_word' id='word_1_218' title='bbox 602 2639 723 2697; x_wconf 89' lang='lat' dir='ltr'>orbus</span> <span class='ocrx_word' id='word_1_219' title='bbox 747 2656 903 2697; x_wconf 88' lang='lat' dir='ltr'>suorum</span> <span class='ocrx_word' id='word_1_220' title='bbox 927 2640 1123 2699; x_wconf 88' lang='lat' dir='ltr'>bonorum</span> <span class='ocrx_word' id='word_1_221' title='bbox 1148 2639 1209 2698; x_wconf 92' lang='lat' dir='ltr'>do·</span> 
     </span>
     <span class='ocr_line' id='line_1_26' title="bbox 108 2730 1210 2809; baseline -0.001 -17"><span class='ocrx_word' id='word_1_222' title='bbox 108 2732 251 2805; x_wconf 86' lang='lat' dir='ltr'>minus,</span> <span class='ocrx_word' id='word_1_223' title='bbox 278 2732 402 2791; x_wconf 87' lang='lat' dir='ltr'>filium</span> <span class='ocrx_word' id='word_1_224' title='bbox 427 2730 651 2809; x_wconf 85' lang='lat' dir='ltr'>adoptarit,</span> <span class='ocrx_word' id='word_1_225' title='bbox 680 2739 808 2789; x_wconf 86' lang='lat' dir='ltr'>ratum</span> <span class='ocrx_word' id='word_1_226' title='bbox 833 2730 873 2789; x_wconf 91' lang='lat' dir='ltr'>id</span> <span class='ocrx_word' id='word_1_227' title='bbox 898 2751 999 2791; x_wconf 86' lang='lat' dir='ltr'>esse.</span> <span class='ocrx_word' id='word_1_228' title='bbox 1055 2732 1115 2791; x_wconf 91' lang='lat' dir='ltr'>lste</span> <span class='ocrx_word' id='word_1_229' title='bbox 1142 2750 1210 2792; x_wconf 82' lang='lat' dir='ltr'>vero</span> 
     </span>
     <span class='ocr_line' id='line_1_27' title="bbox 109 2822 1211 2890; baseline 0 -7"><span class='ocrx_word' id='word_1_230' title='bbox 109 2836 259 2884; x_wconf 88' lang='lat' dir='ltr'>natura</span> <span class='ocrx_word' id='word_1_231' title='bbox 281 2824 395 2883; x_wconf 87' lang='lat' dir='ltr'>nullum</span> <span class='ocrx_word' id='word_1_232' title='bbox 419 2822 576 2890; x_wconf 81' lang='lat' dir='ltr'>Archiadae</span> <span class='ocrx_word' id='word_1_233' title='bbox 596 2822 688 2881; x_wconf 83' lang='lat' dir='ltr'>filium</span> <span class='ocrx_word' id='word_1_234' title='bbox 709 2841 775 2882; x_wconf 83' lang='lat' dir='ltr'>esse</span> <span class='ocrx_word' id='word_1_235' title='bbox 795 2823 851 2882; x_wconf 89' lang='lat' dir='ltr'>ait:</span> <span class='ocrx_word' id='word_1_236' title='bbox 884 2824 938 2883; x_wconf 90' lang='lat' dir='ltr'>sed</span> <span class='ocrx_word' id='word_1_237' title='bbox 956 2833 1141 2886; x_wconf 87' lang='lat' dir='ltr'>contestatus</span> <span class='ocrx_word' id='word_1_238' title='bbox 1163 2833 1211 2884; x_wconf 85' lang='lat' dir='ltr'>est</span> 
     </span>
     <span class='ocr_line' id='line_1_28' title="bbox 109 2914 1209 2988; baseline -0.002 -11"><span class='ocrx_word' id='word_1_239' title='bbox 109 2936 197 2977; x_wconf 78' lang='lat' dir='ltr'>cum</span> <span class='ocrx_word' id='word_1_240' title='bbox 224 2918 307 2977; x_wconf 85' lang='lat' dir='ltr'>sint</span> <span class='ocrx_word' id='word_1_241' title='bbox 330 2916 556 2988; x_wconf 86' lang='lat' dir='ltr'>naturales,</span> <span class='ocrx_word' id='word_1_242' title='bbox 585 2914 797 2974; x_wconf 88' lang='lat' dir='ltr'>contestatione</span> <span class='ocrx_word' id='word_1_243' title='bbox 812 2916 946 2975; x_wconf 85' lang='lat' dir='ltr'>factarei</span> <span class='ocrx_word' id='word_1_244' title='bbox 960 2917 1116 2977; x_wconf 86' lang='lat' dir='ltr'>contraria.</span> <span class='ocrx_word' id='word_1_245' title='bbox 1151 2917 1209 2985; x_wconf 85' lang='lat' dir='ltr'>Qui</span> 
     </span>
     <span class='ocr_line' id='line_1_29' title="bbox 110 3007 1210 3090; baseline 0.002 -20"><span class='ocrx_word' id='word_1_246' title='bbox 110 3029 178 3070; x_wconf 88' lang='lat' dir='ltr'>cum</span> <span class='ocrx_word' id='word_1_247' title='bbox 189 3029 224 3070; x_wconf 87' lang='lat' dir='ltr'>se</span> <span class='ocrx_word' id='word_1_248' title='bbox 238 3009 408 3090; x_wconf 87' lang='lat' dir='ltr'>adoptivum</span> <span class='ocrx_word' id='word_1_249' title='bbox 423 3028 488 3068; x_wconf 87' lang='lat' dir='ltr'>esse</span> <span class='ocrx_word' id='word_1_250' title='bbox 501 3007 682 3088; x_wconf 87' lang='lat' dir='ltr'>profiteatur,</span> <span class='ocrx_word' id='word_1_251' title='bbox 695 3008 732 3066; x_wconf 83' lang='lat' dir='ltr'>ab</span> <span class='ocrx_word' id='word_1_252' title='bbox 745 3007 811 3086; x_wconf 88' lang='lat' dir='ltr'>ipso</span> <span class='ocrx_word' id='word_1_253' title='bbox 826 3009 965 3069; x_wconf 89' lang='lat' dir='ltr'>defuneto</span> <span class='ocrx_word' id='word_1_254' title='bbox 975 3019 1010 3069; x_wconf 91' lang='lat' dir='ltr'>ut</span> <span class='ocrx_word' id='word_1_255' title='bbox 1019 3020 1141 3071; x_wconf 85' lang='lat' dir='ltr'>coastat</span> <span class='ocrx_word' id='word_1_256' title='bbox 1152 3030 1210 3073; x_wconf 86' lang='lat' dir='ltr'>neu</span> 
     </span>
     <span class='ocr_line' id='line_1_30' title="bbox 110 3101 1210 3185; baseline 0.002 -22"><span class='ocrx_word' id='word_1_257' title='bbox 110 3114 158 3164; x_wconf 90' lang='lat' dir='ltr'>est</span> <span class='ocrx_word' id='word_1_258' title='bbox 178 3104 357 3185; x_wconf 86' lang='lat' dir='ltr'>adoptatus:</span> <span class='ocrx_word' id='word_1_259' title='bbox 379 3103 512 3182; x_wconf 88' lang='lat' dir='ltr'>proinde,</span> <span class='ocrx_word' id='word_1_260' title='bbox 535 3120 596 3180; x_wconf 91' lang='lat' dir='ltr'>quo</span> <span class='ocrx_word' id='word_1_261' title='bbox 618 3111 707 3181; x_wconf 87' lang='lat' dir='ltr'>pacto</span> <span class='ocrx_word' id='word_1_262' title='bbox 731 3101 783 3161; x_wconf 89' lang='lat' dir='ltr'>tibi</span> <span class='ocrx_word' id='word_1_263' title='bbox 807 3101 863 3162; x_wconf 82' lang='lat' dir='ltr'>ista</span> <span class='ocrx_word' id='word_1_264' title='bbox 881 3123 969 3181; x_wconf 88' lang='lat' dir='ltr'>porro</span> <span class='ocrx_word' id='word_1_265' title='bbox 988 3116 1054 3165; x_wconf 89' lang='lat' dir='ltr'>rata</span> <span class='ocrx_word' id='word_1_266' title='bbox 1073 3115 1161 3165; x_wconf 90' lang='lat' dir='ltr'>erunt</span> <span class='ocrx_word' id='word_1_267' title='bbox 1173 3125 1210 3165; x_wconf 82' lang='lat' dir='ltr'>ex</span> 
     </span>
     <span class='ocr_line' id='line_1_31' title="bbox 108 3194 1211 3275; baseline -0.001 -18"><span class='ocrx_word' id='word_1_268' title='bbox 108 3197 269 3257; x_wconf 71' lang='lat' dir='ltr'>instituto?</span> <span class='ocrx_word' id='word_1_269' title='bbox 300 3197 469 3275; x_wconf 90' lang='lat' dir='ltr'>Propterea,</span> <span class='ocrx_word' id='word_1_270' title='bbox 483 3195 629 3268; x_wconf 78' lang='lat' dir='ltr'>nimirum,</span> <span class='ocrx_word' id='word_1_271' title='bbox 652 3194 733 3274; x_wconf 92' lang='lat' dir='ltr'>quod</span> <span class='ocrx_word' id='word_1_272' title='bbox 753 3194 908 3275; x_wconf 87' lang='lat' dir='ltr'>inscriptus</span> <span class='ocrx_word' id='word_1_273' title='bbox 933 3207 978 3256; x_wconf 88' lang='lat' dir='ltr'>est</span> <span class='ocrx_word' id='word_1_274' title='bbox 1001 3197 1211 3258; x_wconf 81' lang='lat' dir='ltr'>Archiadoe</span> 
     </span>
     <span class='ocr_line' id='line_1_32' title="bbox 110 3288 1211 3371; baseline 0.004 -24"><span class='ocrx_word' id='word_1_275' title='bbox 110 3291 195 3348; x_wconf 92' lang='lat' dir='ltr'>filiu</span> <span class='ocrx_word' id='word_1_276' title='bbox 205 3311 238 3358; x_wconf 88' lang='lat' dir='ltr'>s;</span> <span class='ocrx_word' id='word_1_277' title='bbox 268 3291 305 3350; x_wconf 88' lang='lat' dir='ltr'>ab</span> <span class='ocrx_word' id='word_1_278' title='bbox 320 3290 382 3349; x_wconf 86' lang='lat' dir='ltr'>istis</span> <span class='ocrx_word' id='word_1_279' title='bbox 396 3290 509 3349; x_wconf 89' lang='lat' dir='ltr'>scilicet</span> <span class='ocrx_word' id='word_1_280' title='bbox 521 3309 614 3368; x_wconf 87' lang='lat' dir='ltr'>nuper</span> <span class='ocrx_word' id='word_1_281' title='bbox 628 3289 655 3349; x_wconf 81' lang='lat' dir='ltr'>si</span> <span class='ocrx_word' id='word_1_282' title='bbox 670 3289 760 3359; x_wconf 86' lang='lat' dir='ltr'>facta,</span> <span class='ocrx_word' id='word_1_283' title='bbox 775 3308 842 3347; x_wconf 88' lang='lat' dir='ltr'>cum</span> <span class='ocrx_word' id='word_1_284' title='bbox 857 3288 892 3348; x_wconf 88' lang='lat' dir='ltr'>lis</span> <span class='ocrx_word' id='word_1_285' title='bbox 907 3289 943 3348; x_wconf 87' lang='lat' dir='ltr'>de</span> <span class='ocrx_word' id='word_1_286' title='bbox 956 3291 1129 3351; x_wconf 86' lang='lat' dir='ltr'>haereditate</span> <span class='ocrx_word' id='word_1_287' title='bbox 1148 3290 1211 3371; x_wconf 84' lang='lat' dir='ltr'>jam</span> 
     </span>
     <span class='ocr_line' id='line_1_33' title="bbox 110 3381 1213 3463; baseline 0.002 -23"><span class='ocrx_word' id='word_1_288' title='bbox 110 3391 276 3441; x_wconf 84' lang='lat' dir='ltr'>contestata</span> <span class='ocrx_word' id='word_1_289' title='bbox 299 3393 386 3441; x_wconf 88' lang='lat' dir='ltr'>esset.</span> <span class='ocrx_word' id='word_1_290' title='bbox 436 3383 505 3440; x_wconf 90' lang='lat' dir='ltr'>Non</span> <span class='ocrx_word' id='word_1_291' title='bbox 528 3393 573 3440; x_wconf 91' lang='lat' dir='ltr'>est</span> <span class='ocrx_word' id='word_1_292' title='bbox 596 3382 727 3460; x_wconf 87' lang='lat' dir='ltr'>profecto</span> <span class='ocrx_word' id='word_1_293' title='bbox 746 3384 860 3460; x_wconf 89' lang='lat' dir='ltr'>justum</span> <span class='ocrx_word' id='word_1_294' title='bbox 888 3381 1022 3461; x_wconf 87' lang='lat' dir='ltr'>injuriam</span> <span class='ocrx_word' id='word_1_295' title='bbox 1048 3383 1213 3463; x_wconf 86' lang='lat' dir='ltr'>argumenti</span> 
     </span>
     <span class='ocr_line' id='line_1_34' title="bbox 110 3471 348 3531; baseline 0.008 -2"><span class='ocrx_word' id='word_1_296' title='bbox 110 3471 176 3531; x_wconf 89' lang='lat' dir='ltr'>loco</span> <span class='ocrx_word' id='word_1_297' title='bbox 192 3473 348 3531; x_wconf 85' lang='lat' dir='ltr'>adducere.</span> 
     </span>
    </p>

    <p class='ocr_par' dir='ltr' id='par_1_5' title="bbox 107 3561 1213 4390">
     <span class='ocr_line' id='line_1_35' title="bbox 154 3561 1212 3645; baseline 0.007 -24"><span class='ocrx_word' id='word_1_298' title='bbox 154 3566 202 3622; x_wconf 88' lang='lat'>17.</span> <span class='ocrx_word' id='word_1_299' title='bbox 224 3565 301 3623; x_wconf 88' lang='lat' dir='ltr'>Nam</span> <span class='ocrx_word' id='word_1_300' title='bbox 315 3565 399 3637; x_wconf 89' lang='lat' dir='ltr'>illud,</span> <span class='ocrx_word' id='word_1_301' title='bbox 418 3561 551 3637; x_wconf 78' lang='lat' dir='ltr'>ludices,</span> <span class='ocrx_word' id='word_1_302' title='bbox 565 3565 633 3624; x_wconf 86' lang='lat' dir='ltr'>ferri</span> <span class='ocrx_word' id='word_1_303' title='bbox 655 3565 705 3644; x_wconf 92' lang='lat' dir='ltr'>qui</span> <span class='ocrx_word' id='word_1_304' title='bbox 722 3575 831 3645; x_wconf 87' lang='lat' dir='ltr'>potest,</span> <span class='ocrx_word' id='word_1_305' title='bbox 844 3586 911 3624; x_wconf 91' lang='lat' dir='ltr'>eum</span> <span class='ocrx_word' id='word_1_306' title='bbox 931 3568 982 3644; x_wconf 89' lang='lat' dir='ltr'>qui</span> <span class='ocrx_word' id='word_1_307' title='bbox 1005 3588 1085 3628; x_wconf 88' lang='lat' dir='ltr'>nunc</span> <span class='ocrx_word' id='word_1_308' title='bbox 1107 3569 1212 3628; x_wconf 90' lang='lat' dir='ltr'>incun-</span> 
     </span>
     <span class='ocr_line' id='line_1_36' title="bbox 107 3656 1212 3734; baseline 0.005 -17"><span class='ocrx_word' id='word_1_309' title='bbox 107 3667 225 3717; x_wconf 82' lang='lat' dir='ltr'>ctanter</span> <span class='ocrx_word' id='word_1_310' title='bbox 243 3657 324 3716; x_wconf 88' lang='lat' dir='ltr'>dicat</span> <span class='ocrx_word' id='word_1_311' title='bbox 345 3676 377 3716; x_wconf 92' lang='lat' dir='ltr'>se</span> <span class='ocrx_word' id='word_1_312' title='bbox 402 3656 571 3734; x_wconf 88' lang='lat' dir='ltr'>adoptivum</span> <span class='ocrx_word' id='word_1_313' title='bbox 592 3677 670 3730; x_wconf 87' lang='lat' dir='ltr'>esse,</span> <span class='ocrx_word' id='word_1_314' title='bbox 684 3659 714 3716; x_wconf 89' lang='lat' dir='ltr'>in</span> <span class='ocrx_word' id='word_1_315' title='bbox 737 3658 950 3718; x_wconf 86' lang='lat' dir='ltr'>contestatione</span> <span class='ocrx_word' id='word_1_316' title='bbox 969 3660 999 3718; x_wconf 92' lang='lat' dir='ltr'>id</span> <span class='ocrx_word' id='word_1_317' title='bbox 1010 3660 1138 3721; x_wconf 88' lang='lat' dir='ltr'>scribere</span> <span class='ocrx_word' id='word_1_318' title='bbox 1152 3681 1212 3721; x_wconf 89' lang='lat' dir='ltr'>non</span> 
     </span>
     <span class='ocr_line' id='line_1_37' title="bbox 109 3749 1213 3827; baseline 0.003 -17"><span class='ocrx_word' id='word_1_319' title='bbox 109 3749 201 3810; x_wconf 88' lang='lat' dir='ltr'>fuisse</span> <span class='ocrx_word' id='word_1_320' title='bbox 222 3767 343 3808; x_wconf 87' lang='lat' dir='ltr'>ausum:</span> <span class='ocrx_word' id='word_1_321' title='bbox 362 3749 415 3807; x_wconf 89' lang='lat' dir='ltr'>sed</span> <span class='ocrx_word' id='word_1_322' title='bbox 434 3749 574 3827; x_wconf 88' lang='lat' dir='ltr'>scriptum</span> <span class='ocrx_word' id='word_1_323' title='bbox 591 3749 620 3807; x_wconf 89' lang='lat' dir='ltr'>in</span> <span class='ocrx_word' id='word_1_324' title='bbox 640 3751 852 3810; x_wconf 88' lang='lat' dir='ltr'>contestatione</span> <span class='ocrx_word' id='word_1_325' title='bbox 874 3749 916 3810; x_wconf 89' lang='lat' dir='ltr'>ita</span> <span class='ocrx_word' id='word_1_326' title='bbox 931 3771 994 3812; x_wconf 85' lang='lat' dir='ltr'>esse</span> <span class='ocrx_word' id='word_1_327' title='bbox 1017 3765 1051 3812; x_wconf 90' lang='lat' dir='ltr'>ut</span> <span class='ocrx_word' id='word_1_328' title='bbox 1068 3753 1107 3812; x_wconf 93' lang='lat' dir='ltr'>de</span> <span class='ocrx_word' id='word_1_329' title='bbox 1125 3754 1213 3814; x_wconf 85' lang='lat' dir='ltr'>lilio</span> 
     </span>
     <span class='ocr_line' id='line_1_38' title="bbox 109 3841 1213 3920; baseline -0.001 -16"><span class='ocrx_word' id='word_1_330' title='bbox 109 3842 303 3914; x_wconf 85' lang='lat' dir='ltr'>naturali,</span> <span class='ocrx_word' id='word_1_331' title='bbox 329 3861 365 3901; x_wconf 87' lang='lat' dir='ltr'>ea</span> <span class='ocrx_word' id='word_1_332' title='bbox 388 3860 454 3919; x_wconf 89' lang='lat' dir='ltr'>quae</span> <span class='ocrx_word' id='word_1_333' title='bbox 477 3861 546 3900; x_wconf 84' lang='lat' dir='ltr'>mox</span> <span class='ocrx_word' id='word_1_334' title='bbox 569 3841 703 3901; x_wconf 84' lang='lat' dir='ltr'>dicentur</span> <span class='ocrx_word' id='word_1_335' title='bbox 727 3853 760 3900; x_wconf 90' lang='lat' dir='ltr'>ut</span> <span class='ocrx_word' id='word_1_336' title='bbox 779 3841 817 3901; x_wconf 92' lang='lat' dir='ltr'>de</span> <span class='ocrx_word' id='word_1_337' title='bbox 836 3842 1041 3920; x_wconf 86' lang='lat' dir='ltr'>adoptivol</span> <span class='ocrx_word' id='word_1_338' title='bbox 1070 3846 1162 3912; x_wconf 87' lang='lat' dir='ltr'>Quod</span> <span class='ocrx_word' id='word_1_339' title='bbox 1185 3845 1213 3905; x_wconf 90' lang='lat' dir='ltr'>si</span> 
     </span>
     <span class='ocr_line' id='line_1_39' title="bbox 108 3934 1213 4017; baseline 0.001 -20"><span class='ocrx_word' id='word_1_340' title='bbox 108 3936 312 3997; x_wconf 82' lang='lat' dir='ltr'>defensionem</span> <span class='ocrx_word' id='word_1_341' title='bbox 328 3934 479 3994; x_wconf 88' lang='lat' dir='ltr'>attulerint</span> <span class='ocrx_word' id='word_1_342' title='bbox 492 3935 698 3994; x_wconf 91' lang='lat' dir='ltr'>contestationi</span> <span class='ocrx_word' id='word_1_343' title='bbox 712 3934 897 4006; x_wconf 88' lang='lat' dir='ltr'>contrariam,</span> <span class='ocrx_word' id='word_1_344' title='bbox 911 3935 996 3994; x_wconf 87' lang='lat' dir='ltr'>aliter</span> <span class='ocrx_word' id='word_1_345' title='bbox 1008 3938 1070 3997; x_wconf 89' lang='lat' dir='ltr'>fieri</span> <span class='ocrx_word' id='word_1_346' title='bbox 1084 3939 1137 4016; x_wconf 90' lang='lat' dir='ltr'>qui</span> <span class='ocrx_word' id='word_1_347' title='bbox 1156 3958 1213 4017; x_wconf 93' lang='lat' dir='ltr'>po-</span> 
     </span>
     <span class='ocr_line' id='line_1_40' title="bbox 110 4025 1211 4110; baseline 0.002 -19"><span class='ocrx_word' id='word_1_348' title='bbox 110 4040 169 4091; x_wconf 84' lang='lat' dir='ltr'>test</span> <span class='ocrx_word' id='word_1_349' title='bbox 182 4029 253 4110; x_wconf 91' lang='lat' dir='ltr'>quin</span> <span class='ocrx_word' id='word_1_350' title='bbox 275 4042 326 4088; x_wconf 90' lang='lat' dir='ltr'>aut</span> <span class='ocrx_word' id='word_1_351' title='bbox 340 4025 472 4087; x_wconf 86' lang='lat' dir='ltr'>defensio</span> <span class='ocrx_word' id='word_1_352' title='bbox 493 4027 570 4086; x_wconf 86' lang='lat' dir='ltr'>falsa</span> <span class='ocrx_word' id='word_1_353' title='bbox 592 4027 631 4087; x_wconf 88' lang='lat' dir='ltr'>sit</span> <span class='ocrx_word' id='word_1_354' title='bbox 651 4037 703 4086; x_wconf 91' lang='lat' dir='ltr'>aut</span> <span class='ocrx_word' id='word_1_355' title='bbox 723 4027 917 4087; x_wconf 73' lang='lat' dir='ltr'>contestatio?</span> <span class='ocrx_word' id='word_1_356' title='bbox 946 4029 1010 4089; x_wconf 87' lang='lat' dir='ltr'>Nec</span> <span class='ocrx_word' id='word_1_357' title='bbox 1030 4031 1068 4089; x_wconf 89' lang='lat' dir='ltr'>ab</span> <span class='ocrx_word' id='word_1_358' title='bbox 1090 4050 1122 4090; x_wconf 90' lang='lat' dir='ltr'>re</span> <span class='ocrx_word' id='word_1_359' title='bbox 1138 4032 1211 4094; x_wconf 91' lang='lat' dir='ltr'>ado·</span> 
     </span>
     <span class='ocr_line' id='line_1_41' title="bbox 108 4120 1212 4203; baseline 0 -18"><span class='ocrx_word' id='word_1_360' title='bbox 108 4127 239 4203; x_wconf 86' lang='lat' dir='ltr'>ptiouem</span> <span class='ocrx_word' id='word_1_361' title='bbox 254 4122 284 4182; x_wconf 92' lang='lat' dir='ltr'>in</span> <span class='ocrx_word' id='word_1_362' title='bbox 306 4121 518 4182; x_wconf 87' lang='lat' dir='ltr'>contestatione</span> <span class='ocrx_word' id='word_1_363' title='bbox 532 4140 592 4179; x_wconf 88' lang='lat' dir='ltr'>non</span> <span class='ocrx_word' id='word_1_364' title='bbox 605 4130 777 4200; x_wconf 87' lang='lat' dir='ltr'>posueruut.</span> <span class='ocrx_word' id='word_1_365' title='bbox 819 4120 1056 4181; x_wconf 85' lang='lat' dir='ltr'>Adscribendum</span> <span class='ocrx_word' id='word_1_366' title='bbox 1077 4122 1155 4182; x_wconf 87' lang='lat' dir='ltr'>enirn</span> <span class='ocrx_word' id='word_1_367' title='bbox 1168 4128 1212 4185; x_wconf 90' lang='lat' dir='ltr'>eis</span> 
     </span>
     <span class='ocr_line' id='line_1_42' title="bbox 108 4213 1210 4296; baseline 0.005 -22"><span class='ocrx_word' id='word_1_368' title='bbox 108 4217 222 4292; x_wconf 86' lang='lat' dir='ltr'>fuisset,</span> <span class='ocrx_word' id='word_1_369' title='bbox 237 4237 327 4295; x_wconf 91' lang='lat' dir='ltr'>aquo</span> <span class='ocrx_word' id='word_1_370' title='bbox 341 4223 440 4275; x_wconf 91' lang='lat' dir='ltr'>essent</span> <span class='ocrx_word' id='word_1_371' title='bbox 460 4213 608 4294; x_wconf 89' lang='lat' dir='ltr'>adoptati:</span> <span class='ocrx_word' id='word_1_372' title='bbox 630 4215 680 4273; x_wconf 93' lang='lat' dir='ltr'>ille</span> <span class='ocrx_word' id='word_1_373' title='bbox 704 4226 802 4274; x_wconf 90' lang='lat' dir='ltr'>autem</span> <span class='ocrx_word' id='word_1_374' title='bbox 824 4233 876 4274; x_wconf 90' lang='lat' dir='ltr'>eos</span> <span class='ocrx_word' id='word_1_375' title='bbox 898 4235 958 4275; x_wconf 90' lang='lat' dir='ltr'>non</span> <span class='ocrx_word' id='word_1_376' title='bbox 978 4216 1141 4296; x_wconf 85' lang='lat' dir='ltr'>adoptavit,</span> <span class='ocrx_word' id='word_1_377' title='bbox 1154 4222 1210 4281; x_wconf 87' lang='lat' dir='ltr'>sed</span> 
     </span>
     <span class='ocr_line' id='line_1_43' title="bbox 110 4307 834 4390; baseline 0.001 -24"><span class='ocrx_word' id='word_1_378' title='bbox 110 4309 165 4387; x_wconf 91' lang='lat' dir='ltr'>ipsi</span> <span class='ocrx_word' id='word_1_379' title='bbox 178 4329 241 4369; x_wconf 84' lang='lat' dir='ltr'>sese</span> <span class='ocrx_word' id='word_1_380' title='bbox 254 4310 428 4390; x_wconf 88' lang='lat' dir='ltr'>adoptantes</span> <span class='ocrx_word' id='word_1_381' title='bbox 443 4327 497 4368; x_wconf 88' lang='lat' dir='ltr'>nos</span> <span class='ocrx_word' id='word_1_382' title='bbox 510 4307 681 4368; x_wconf 83' lang='lat' dir='ltr'>haereditate</span> <span class='ocrx_word' id='word_1_383' title='bbox 696 4307 834 4387; x_wconf 88' lang='lat' dir='ltr'>spoliant.</span> 
     </span>
    </p>

    <p class='ocr_par' dir='ltr' id='par_1_6' title="bbox 147 4396 1210 4483">
     <span class='ocr_line' id='line_1_44' title="bbox 147 4396 1210 4483; baseline 0.001 -22"><span class='ocrx_word' id='word_1_384' title='bbox 147 4403 196 4463; x_wconf 83' lang='lat'>18.</span> <span class='ocrx_word' id='word_1_385' title='bbox 218 4402 285 4463; x_wconf 89' lang='lat' dir='ltr'>Jam</span> <span class='ocrx_word' id='word_1_386' title='bbox 304 4413 337 4463; x_wconf 90' lang='lat' dir='ltr'>ut</span> <span class='ocrx_word' id='word_1_387' title='bbox 359 4421 515 4483; x_wconf 81' lang='lat' dir='ltr'>pergamus</span> <span class='ocrx_word' id='word_1_388' title='bbox 535 4396 584 4462; x_wconf 80' lang='lat' dir='ltr'>ad¹</span> <span class='ocrx_word' id='word_1_389' title='bbox 598 4401 664 4476; x_wconf 86' lang='lat' dir='ltr'>alia,</span> <span class='ocrx_word' id='word_1_390' title='bbox 679 4401 729 4480; x_wconf 90' lang='lat' dir='ltr'>qui</span> <span class='ocrx_word' id='word_1_391' title='bbox 748 4420 807 4461; x_wconf 90' lang='lat' dir='ltr'>non</span> <span class='ocrx_word' id='word_1_392' title='bbox 829 4401 987 4462; x_wconf 87' lang='lat' dir='ltr'>absurdum</span> <span class='ocrx_word' id='word_1_393' title='bbox 1010 4399 1096 4460; x_wconf 91' lang='lat' dir='ltr'>simul</span> <span class='ocrx_word' id='word_1_394' title='bbox 1112 4410 1142 4461; x_wconf 90' lang='lat' dir='ltr'>et</span> <span class='ocrx_word' id='word_1_395' title='bbox 1156 4403 1210 4462; x_wconf 93' lang='lat' dir='ltr'>ini·</span> 
     </span>
    </p>
   </div>
   <div class='ocr_carea' id='block_1_4' title="bbox 0 0 1336 4792">
    <p class='ocr_par' dir='ltr' id='par_1_7' title="bbox 0 0 1336 4792">
     <span class='ocr_line' id='line_1_45' title="bbox 0 0 1336 4792; baseline 0 0"><span class='ocrx_word' id='word_1_396' title='bbox 0 0 1336 4792; x_wconf 95' lang='lat' dir='ltr'> </span> 
     </span>
    </p>
   </div>
  </div>
 </body>
</html>
