2662 4792
419 269 590 332 CONTRA
611 268 898 328 THEOCRINEM.
1138 270 1200 329 ⁷5⁷
1250 310 1259 325 .

116 426 211 497 rietur,
232 436 263 484 et
286 444 345 485 non
369 425 499 497 solvisse,
514 424 713 504 septingentas
727 422 891 493 drachmas,
905 440 979 499 quas
997 422 1027 479 in
1040 422 1198 482 referendis

115 514 271 577 ustionibus
292 537 329 577 ex
352 516 461 578 mulcta
483 517 584 578 debuit
605 535 666 576 sum
685 515 779 575 tribus
799 515 889 575 beroi.
930 516 994 595 Age
1013 515 1089 576 hanc
1104 515 1196 607 ipsam

92 628 97 635 ·
116 608 185 691 legis
197 620 309 691 partem
323 610 423 671 recita.

610 746 701 809 LEX.
780 809 783 816 .

117 880 233 943 Desine.
276 882 368 942 Audis
390 882 454 942 haec
476 882 546 962 quid
571 879 669 941 dicat?
696 879 725 939 si
745 879 901 939 heroum
923 879 1058 941 alicui.
1094 881 1198 942 Recita

116 976 198 1037 stium
211 974 360 1035 tribulium
374 974 581 1035 testimonium.

502 1148 806 1209 TESTIMONIUM.

117 1292 233 1353 curabit
246 1294 300 1351 iste
310 1291 431 1361 scilicet,
442 1291 459 1349 J
463 1291 574 1360 udices,
583 1309 693 1369 paucos
704 1290 846 1363 homines,
857 1303 908 1352 aut
920 1296 1028 1373 eosqui
1042 1299 1194 1357 maximam

115 1387 205 1445 statis
228 1396 342 1464 partem
361 1383 538 1461 navigando,
553 1391 585 1440 ut
603 1381 693 1453 Mico,
705 1395 887 1454 consumunt,
901 1405 967 1444 cum
989 1386 1108 1447 tribules
1128 1408 1196 1450 suos

113 1488 273 1557 presentes
290 1495 347 1535 nec
367 1476 511 1545 metuerit,
526 1493 582 1533 neo
605 1475 744 1533 reveritus
763 1475 824 1533 sit?
846 1476 922 1535 Nam
941 1486 972 1536 et
990 1479 1196 1559 rempublicam

114 1588 210 1631 eurum
224 1570 265 1629 ita
277 1569 424 1639 tractavit,
437 1576 471 1625 ut
486 1566 638 1646 peculatus
652 1586 719 1626 eum
732 1567 968 1629 condemnarint:
990 1581 1020 1630 et
1040 1583 1108 1651 post
1126 1591 1197 1633 con·

113 1662 338 1733 demnutionem,
359 1660 490 1737 quamvis
514 1659 583 1718 satis
605 1660 686 1732 scint,
709 1660 804 1739 legum
822 1661 975 1722 interdicto
1000 1684 1031 1723 se
1055 1666 1092 1724 ab
1110 1685 1197 1725 accu-

112 1754 201 1815 sando
214 1752 369 1822 removeri,
384 1753 478 1811 donec
489 1752 625 1811 mulctam
640 1754 766 1824 solverit,
777 1754 832 1811 vim
844 1764 941 1814 tamen
951 1756 1034 1829 facit,
1048 1770 1135 1837 atque
1145 1778 1197 1818 ex·

110 1846 228 1921 intimat,
241 1859 355 1908 ceteros
376 1846 494 1923 quidem
508 1845 624 1904 aerarios
639 1847 715 1904 omni
732 1865 850 1905 munere
865 1847 980 1925 publico
993 1849 1099 1929 depelli
1111 1871 1197 1930 opor·

110 1950 223 2015 terem
235 1960 304 2001 vero
318 1939 494 2016 superiorem
519 1956 583 1996 esse
603 1939 726 2016 legibus.
768 1939 864 2010 Dicet,
885 1960 981 2011 avum,
995 1962 1055 2001 non
1074 1963 1116 2013 se,
1131 1963 1196 2003 esse

111 2030 281 2093 intubulam
302 2030 443 2090 relatum:
465 2030 543 2088 etde
558 2029 614 2087 hoc
627 2028 719 2087 multa
731 2032 818 2089 verba
834 2030 930 2102 faciet,
948 2033 1029 2091 illum
1044 2054 1109 2093 esse
1123 2055 1196 2095 cera·

109 2126 190 2187 rium.
232 2126 299 2203 Ego
311 2143 381 2183 vero
394 2131 459 2181 uter
472 2123 519 2193 sit,
533 2134 612 2181 certo
627 2124 796 2181 confirmare
809 2142 868 2181 non
879 2143 1017 2201 possum;
1039 2127 1092 2185 sed
1110 2137 1144 2185 ut
1158 2126 1198 2185 ita

110 2216 157 2289 sit,
169 2226 203 2277 ut
215 2216 271 2276 iste
285 2216 365 2284 dicit,
380 2213 471 2272 multo
487 2214 595 2293 justius
609 2232 627 2271 a
644 2213 725 2272 vobis
741 2216 992 2289 condemnabitur,
1007 2219 1031 2276 si
1046 2238 1091 2277 res
1110 2219 1152 2277 itu
1165 2238 1197 2278 se

111 2306 208 2371 bsbet.
239 2309 318 2369 Nam
332 2308 357 2366 si
370 2307 488 2365 aurarius
501 2306 562 2385 ejus
575 2325 646 2365 avus
660 2306 715 2364 fuit
728 2307 807 2378 olim,
821 2319 851 2367 et
864 2309 911 2366 lex
924 2308 1002 2369 illius
1014 2310 1101 2369 istum
1115 2312 1197 2373 here·

111 2400 229 2462 dilatem
248 2416 355 2479 capere
364 2399 458 2478 jubet,
474 2408 559 2477 atquc
573 2399 634 2477 ipse
654 2417 719 2456 cum
734 2400 760 2457 ei
773 2418 828 2458 nec
847 2400 915 2459 olim
932 2420 1070 2461 accusare
1085 2402 1196 2474 liceret,

111 2493 268 2565 recusavit,
282 2502 494 2572 proptereaque
518 2511 550 2550 se
572 2490 782 2569 absolvendum
796 2503 888 2569 putat,
900 2496 978 2571 quod
993 2514 1011 2553 a
1024 2496 1109 2555 tertio
1128 2497 1198 2556 inde

111 2586 221 2667 generis
241 2585 336 2665 gradu
360 2585 397 2643 sit
415 2584 572 2662 improbus,
586 2584 656 2643 nihil
681 2585 755 2661 oequi
777 2584 865 2657 dicet,
885 2605 903 2644 o
925 2587 1057 2647 Judices.
1099 2588 1196 2668 Ipsum

111 2688 202 2741 sutem
216 2678 408 2738 'llreocrinem
422 2677 560 2748 confiteri,
575 2696 639 2736 eam
654 2676 758 2737 durare
772 2679 921 2749 mulctam,
939 2682 990 2758 qui
1010 2693 1072 2740 tum
1086 2702 1138 2761 pro
1152 2701 1196 2751 se,

110 2782 167 2835 tom
180 2793 233 2855 pro
247 2772 336 2833 fratre
351 2769 554 2848 sposponderit
573 2769 735 2839 tribulibus,
749 2790 804 2828 nec
823 2782 938 2830 servata
951 2773 1139 2851 jurisjurandi
1152 2793 1198 2833 re-

110 2864 225 2947 ligione,
235 2886 272 2927 sc
286 2865 349 2925 sine
362 2863 480 2921 infamia
493 2861 668 2921 delationem
682 2861 758 2921 hanc
778 2882 865 2942 posse
881 2865 1002 2935 absolvi,
1016 2866 1060 2924 uti
1074 2875 1198 2936 constet,

111 2956 257 3021 decretum
281 2955 378 3037 profer
400 2954 479 3033 quod
503 2953 533 3012 in
558 2952 716 3013 Scironides
737 2954 910 3013 sententiam
932 2956 1103 3016 factumest
1121 2956 1200 3033 apud

111 3050 236 3111 tribules.

532 3187 782 3249 DECRETUM.

113 3322 247 3383 Accessit
272 3330 371 3380 sutem
384 3318 570 3390 Theocrines‚
584 3327 613 3377 et
634 3336 666 3377 se
683 3317 794 3395 debere,
806 3316 900 3375 fassus
919 3327 975 3389 est,
988 3326 1018 3375 et
1032 3318 1194 3378 soluturum

111 3432 203 3475 curum
227 3412 384 3473 tribulibus
404 3410 521 3489 recepit,
536 3420 690 3488 postquam
712 3428 766 3467 nos
787 3407 891 3467 adesse
906 3409 1120 3483 animadvertit,
1143 3430 1195 3473 ex-

110 3506 200 3587 emplu
212 3524 327 3573 eorum,
343 3523 410 3583 quae
423 3502 452 3561 in
466 3502 594 3562 tabulam
610 3500 699 3560 relata
713 3510 804 3577 erant,
817 3499 967 3579 petituros.

535 3704 773 3763 DECRETUM.

108 3846 202 3913 liulto
215 3853 313 3929 magis
324 3850 422 3928 igitur,
441 3849 644 3917 Athenienses,
659 3846 816 3907 leontidas
827 3846 1023 3919 laudaveritis,
1035 3850 1084 3928 qui
1097 3849 1193 3909 Theo·

108 3942 213 4006 niuem
226 3943 295 4003 illas
309 3951 418 4021 septem
433 3942 525 4001 miuus
538 3941 662 4001 reddere
680 3948 850 4018 coegerunt,
864 3960 951 4019 quam
964 3940 1062 4001 istum.

143 4040 173 4099 d.
192 4038 263 4099 Jam
287 4045 390 4115 quartu
413 4034 498 4095 etiam
514 4034 560 4093 lex
577 4031 767 4103 est-fateor
785 4032 861 4092 enim
882 4051 929 4092 me
950 4032 1088 4113 pleraque
1111 4032 1193 4095 istius

109 4124 234 4193 Mucia
246 4128 509 4209 pervestiganse-,
523 4146 582 4205 qua
594 4124 772 4185 Theocrlnes
785 4126 957 4204 quingentas
973 4124 1126 4187 drachmas
1141 4125 1193 4186 de·

108 4220 292 4307 bet,apatre
314 4241 370 4281 suo
392 4240 449 4279 non
467 4220 607 4291 redditas,
626 4219 732 4297 quibus
752 4218 905 4279 damnatus
927 4228 982 4289 est,
1002 4216 1195 4293 Cephisodori

108 4312 216 4377 tenuta
227 4316 258 4375 in
272 4315 433 4374 libertatem
457 4322 578 4381 asserta,
591 4312 643 4373 sed
662 4312 867 4371 intercessione
884 4320 914 4370 et
932 4310 1106 4370 tractatione
1126 4331 1194 4374 cum

110 4406 235 4499 ctesicle
254 4408 416 4467 orationum
432 4405 580 4481 scriptore,
595 4405 646 4483 qul
659 4406 696 4465 ab
710 4405 832 4465 adversa
845 4413 927 4481 parte
941 4404 1051 4475 stabnt,
1060 4414 1202 4464 corutum
