2662 4792
119 644 420 709 ARGUMENTUM
444 647 666 707 ORATIONIS
692 643 912 709 ADVERSUS
935 639 1185 704 CALLIPPUM.

140 802 230 849 bucon
252 800 346 863 quidum
365 801 505 849 Heracleote
526 817 619 863 genera,
629 800 744 848 Panionia
760 801 866 847 utebatur
881 814 966 846 mansa.
1003 798 1038 853 lr,
1055 798 1080 846 iu
1097 796 1196 845 Airionnr
1244 838 1246 844 .

108 876 265 939 navigaturus,
275 892 377 925 nummos
389 876 591 939 reliquit,eosqua‚
598 883 624 924 ut
636 884 659 924 et
666 875 737 923 Pario
745 875 825 923 virens
834 874 935 931 dicebat,
944 880 968 920 ut
974 872 1133 935 Apollodorus
1140 886 1197 919 nunu

107 952 324 1014 dioit,cepbiriadru
331 953 482 1013 reddijusrit:
490 951 611 1015 callippus
618 959 694 999 autem
702 967 742 1000 uos
751 950 894 998 sibidonatos
903 964 954 996 essu
964 948 1055 1004 asserit,
1062 954 1089 994 ut
1095 946 1196 995 stamius

109 1036 133 1076 et
143 1030 245 1076 omnium
255 1029 445 1077 Heracleotarum
458 1020 610 1094 procuratori·
631 1032 726 1076 Mortuo
736 1030 838 1089 Lycone,
844 1026 942 1088 mannis
951 1023 1098 1087 Cephisindnr
1108 1023 1198 1071 reddita

108 1114 155 1155 nst:
164 1105 286 1168 Callippur
292 1114 407 1163 antem,nt
415 1107 490 1168 inquit
497 1107 717 1168 Apollodorus,oum
724 1105 820 1152 Parioni
829 1102 1004 1151 secumincieuti
1010 1101 1078 1149 simul
1087 1098 1202 1163 hospitem

108 1180 217 1230 inuadere
226 1185 365 1243 persuadere
377 1199 421 1231 nou
433 1190 520 1253 posset,
532 1183 608 1247 ipsum
620 1183 741 1231 Parionem
754 1182 819 1244 petit,
831 1188 855 1228 et
865 1196 904 1227 rer
915 1178 963 1226 dati
975 1176 1053 1224 damni
1064 1176 1155 1225 notione
1165 1176 1199 1225 in·

110 1259 191 1307 stitutn
205 1258 334 1321 Lysithidae
351 1261 438 1307 arbitro
457 1260 568 1323 permissa
579 1268 623 1315 est,
634 1260 683 1321 qui,
695 1258 792 1306 Pusione
809 1258 909 1313 virente,
918 1255 974 1303 nihil
988 1252 1133 1316 pronunciat.
1165 1250 1199 1301 Eo

110 1342 209 1391 mortuo,
221 1351 300 1382 rursus
311 1337 477 1397 Apollodorum
488 1336 511 1382 in
519 1338 558 1395 jus
571 1344 637 1383 ruent
648 1336 728 1382 endem
744 1334 774 1381 du
793 1349 818 1380 rs
829 1332 957 1394 Callippus,
968 1346 1093 1391 rursusque
1104 1328 1167 1391 petit
1176 1336 1202 1377 nt

111 1409 255 1473 Lysithidem
267 1411 378 1459 arbitrum
387 1418 468 1459 sumat.
493 1411 650 1472 Apollodorus
661 1410 770 1457 arbitrum
779 1408 893 1455 admittit:
913 1408 955 1455 sed
963 1407 994 1475 nd
1002 1400 1201 1479 magistratum'ds

111 1488 233 1550 hyrithida
245 1489 322 1544 refert,
333 1494 360 1534 ut
370 1489 390 1535 is
397 1491 488 1549 juratus
506 1487 651 1549 pronunciet,
666 1502 712 1547 quo
728 1487 804 1535 miuus
819 1485 937 1533 arbitrium
953 1485 1062 1545 Collippo
1081 1485 1201 1533 condonet·

112 1564 248 1625 Lysithidcs
258 1570 334 1611 nutem
345 1564 456 1625 injuratus
467 1564 612 1626 pronunciat,
623 1563 729 1609 damnato
740 1577 787 1609 reo.
816 1562 893 1620 Quare
904 1560 1064 1623 Apollodorus
1073 1559 1104 1607 nb
1114 1558 1199 1607 arbitra

112 1640 140 1686 nd
148 1640 264 1699 iudicium
273 1639 383 1701 appellat.

385 2068 932 2156 DEMOSTHENIS

280 2294 615 2370 ADVERSUS
658 2296 1028 2371 CALLIPPUM

562 2481 754 2548 ORATIO.

159 2669 184 2723 l.
200 2666 271 2724 Non
290 2676 335 2725 est
347 2686 393 2725 res
407 2666 467 2725 ulla
481 2665 638 2739 molestior,
648 2668 780 2738 Judices,
796 2687 885 2745 quarn
899 2688 965 2727 cum
977 2669 1021 2728 vir
1032 2670 1203 2729 auctoritate

115 2757 254 2838 praeditus
268 2767 298 2817 et
309 2758 449 2838 eloquens
463 2757 576 2818 mentiri
590 2758 680 2819 audet
691 2779 726 2819 ac
740 2762 862 2821 testibus
877 2760 1014 2822 abundat.
1044 2762 1120 2819 Tum
1130 2760 1205 2821 euim

116 2850 171 2911 reis
185 2869 307 2912 necesse
321 2861 374 2925 est,
387 2872 445 2913 non
459 2853 496 2912 de
515 2872 545 2912 re
558 2862 671 2911 tantum
684 2853 793 2928 dicere,
810 2854 863 2914 sed
876 2855 913 2914 de
928 2855 991 2932 ipso
1005 2854 1094 2913 etiam
1108 2854 1206 2914 adver·

116 2941 201 3015 sario,
219 2953 337 3024 propter
349 2943 589 3005 existimationem
608 2946 635 3006 ei
656 2945 744 3005 fidem
758 2966 816 3006 non
831 2967 895 3008 esse
910 2947 1085 3009 habendam.
1127 2948 1207 3007 Nam

116 3034 140 3093 si
155 3035 233 3095 hunc
254 3055 363 3097 morem
376 3036 551 3135 receperitis,
566 3048 599 3096 ut
620 3038 821 3118 eloquentibus
842 3050 872 3099 et
888 3040 1058 3099 auctoritate
1079 3039 1207 3118 proeditis

116 3125 182 3204 plus
204 3128 327 3188 credatis
341 3148 428 3209 quam
441 3130 685 3203 imbecillioribus,
699 3131 723 3190 is
737 3152 799 3192 mos
814 3133 844 3192 in
858 3142 984 3192 vestram
999 3132 1130 3210 ipsorum
1142 3151 1206 3211 per·

117 3218 220 3277 niciem
234 3220 329 3280 cedet.
371 3221 432 3281 Oro
445 3221 531 3300 igitur
549 3242 610 3294 vos,
625 3232 658 3281 ut
672 3223 695 3282 si
708 3224 787 3302 quod
800 3244 928 3303 unquam
948 3224 1099 3303 negotium
1115 3224 1207 3304 ipsum

116 3327 167 3385 per
181 3329 213 3368 se
226 3309 417 3387 dijudicastis,
431 3312 532 3371 animis
546 3313 576 3371 in
590 3323 722 3373 neutram
736 3327 847 3394 partem
867 3318 1013 3395 propensi,
1027 3336 1083 3375 nec
1094 3335 1207 3375 reorum

117 3419 172 3459 nec
186 3413 398 3477 accusatorum,
420 3405 472 3463 sed
486 3403 578 3483 ipsam
589 3407 734 3481 justitiam
752 3409 909 3483 intuentes,
923 3418 957 3468 ut
969 3429 1048 3469 nunc
1063 3410 1152 3469 etiam
1166 3410 1206 3469 ita

116 3491 324 3569 pronunciatis.
366 3495 441 3553 Rem
453 3507 550 3554 autem
564 3499 600 3556 ab
614 3498 694 3558 initio
704 3499 786 3558 vobis
800 3503 933 3561 narrabo·

157 3584 186 3639 2.
207 3581 308 3660 Lycon
333 3584 518 3659 Heracleote,
541 3588 673 3662 Judices,
697 3589 721 3648 is
745 3590 782 3649 de
804 3612 862 3670 quo
882 3593 968 3652 enam
992 3593 1047 3652 iste
1071 3595 1208 3674 loquitur,

118 3692 220 3734 mensa
232 3674 321 3752 patris
340 3677 395 3735 mei
408 3679 555 3751 utebatur,
569 3689 601 3739 ut
622 3689 652 3739 et
676 3680 723 3737 alii
740 3694 926 3755 mercatores,
941 3683 1047 3762 hospes
1063 3682 1208 3747 Aristonoi

117 3766 289 3827 Decelensis
303 3776 333 3827 et
344 3767 536 3828 Archebiadae
550 3770 748 3851 Lamprensis‚
763 3773 849 3833 homo
863 3776 1001 3854 prudens.
1036 3777 1077 3851 Is,
1092 3780 1208 3858 naviga·

118 3871 200 3920 turus
224 3860 253 3919 in
275 3859 404 3940 Libyam,
428 3861 585 3923 rationibus
608 3885 676 3924 cum
693 3877 775 3945 patre
795 3887 859 3927 meo
872 3869 1022 3928 subductis
1042 3889 1141 3931 coram
1156 3874 1208 3931 Ar·

117 3952 258 4013 chabiade
269 3963 299 4011 et
313 3952 445 4025 Phrasio,
455 3955 608 4032 pecuniam
629 3977 718 4034 quam
740 3958 920 4037 relinquebat
936 3961 962 4020 ei
981 3963 1209 4037 mandat-luit

117 4057 218 4105 antem
241 4064 276 4104 ea
295 4044 425 4105 sedecim
443 4047 528 4104 minae
550 4057 580 4106 et
600 4049 794 4130 quadraginta
813 4053 970 4125 drachmae,
994 4063 1028 4112 ut
1049 4073 1107 4134 ego
1128 4056 1207 4116 vobis

118 4158 207 4215 quam
216 4137 432 4199 accuratissime
442 4139 643 4213 ostendam-,
652 4141 835 4221 Cephisiadae
846 4145 1038 4216 reddendam,
1050 4148 1102 4225 qui
1113 4148 1208 4208 socius

119 4250 189 4289 suus
220 4239 307 4303 esset,
331 4249 366 4291 ae
394 4231 476 4311 Scyri
499 4231 651 4305 habitaret,
672 4236 723 4294 sed
751 4236 780 4295 in
804 4239 958 4317 prasentia
982 4250 1102 4318 propter
1124 4242 1209 4303 aliam

121 4323 347 4399 negotiationem
371 4325 500 4391 abessem
524 4325 643 4385 mandat
666 4327 752 4388 etiam
778 4331 970 4391 Archebiadae
989 4343 1019 4390 et
1039 4331 1207 4395 Phrasiout
