2662 4792
133 298 192 355 676
464 296 510 357 ΙΝ
532 297 885 357 OLYMPIODORUM.

133 451 229 512 solum
251 453 377 525 dicebat,
394 452 449 513 sed
470 453 504 512 iis
525 453 563 514 de
585 455 670 514 rebus
692 452 858 513 testimonia
877 451 1051 531 proferebat
1092 450 1226 519 Quorum

132 564 190 624 ego
202 544 275 605 nihil
287 545 400 606 refelli:
421 566 516 626 neque
529 567 564 606 ex
578 566 625 607 me
639 547 793 626 quisquam
810 545 977 607 mortalium
989 563 1091 605 vocem
1104 544 1226 621 audivit,

131 637 190 697 isto
203 656 321 697 causam
334 648 450 717 agente,
464 640 510 699 vel
523 660 642 719 parvam
662 639 709 700 vel
722 659 870 719 magnam,
884 639 939 699 sed
957 658 1026 698 vera
1039 657 1105 698 esse
1119 636 1226 709 omnia,

130 748 312 808 quaecunque
334 729 383 790 isti
403 730 503 791 dicere
522 730 636 791 libitum
659 730 764 803 fuerat,
786 751 851 791 sum
873 732 979 791 fassus.
1030 729 1225 808 conjunctam

131 820 208 879 eninr
236 831 334 883 tecum
355 843 475 883 causam
499 823 654 897 habebam,
675 835 762 904 prout
785 823 855 883 mihi
878 833 908 884 et
931 822 983 883 tibi
1005 823 1099 884 visum
1120 822 1225 884 iuerat.

131 912 260 978 Quodsi
280 933 324 986 ea,
338 935 406 992 quae
428 915 504 988 dico,
518 935 587 976 vera
605 934 665 977 non
685 926 764 989 sunt,
778 936 830 975 cur
843 935 899 995 ego
922 925 1012 976 testes
1031 916 1084 994 qui
1100 924 1164 975 turn
1177 914 1227 977 illa

130 1004 266 1065 dixerant
287 1026 346 1066 non
360 1007 500 1088 coargui?
521 1029 574 1069 cur
593 1028 641 1068 me
660 1027 719 1068 non
733 1008 897 1069 commovi?
917 1009 1168 1088 autquamobrem
1181 1020 1225 1079 tu,

131 1098 353 1179 Olympiodoro,
367 1120 517 1179 nunquam
530 1121 576 1162 me
590 1103 620 1161 in
630 1103 680 1182 jus
693 1100 807 1161 vocasti
820 1101 857 1160 de
871 1120 963 1161 censu
975 1101 1094 1174 redium,
1108 1120 1183 1181 quas
1195 1111 1225 1161 te

129 1191 209 1265 mihi,
224 1203 258 1252 ut
271 1204 347 1266 tuas,
360 1192 476 1254 locasse
489 1193 691 1275 profitebaris?
712 1205 764 1253 aut
781 1193 819 1253 de
838 1193 973 1267 nummis,
989 1214 1064 1272 quos
1078 1194 1160 1273 apud
1178 1194 1226 1273 ju·

59 1360 64 1369 ι
129 1283 210 1345 dices
234 1295 263 1344 te
283 1285 354 1345 mihi
375 1286 493 1347 dedisse
512 1300 616 1348 mutuo
631 1285 777 1347 dicebas?
799 1285 1020 1345 Horumlecisti
1033 1286 1116 1346 nihil.
1158 1287 1225 1356 Quo

128 1387 217 1457 pacto
229 1378 318 1457 igitur
330 1378 484 1459 quisquam
497 1381 659 1441 evidentius
678 1378 823 1439 mendacii
836 1379 1037 1451 convincetur,
1051 1388 1082 1439 et
1095 1378 1159 1459 ipse
1172 1398 1225 1459 pu·

128 1489 221 1549 gnare
234 1490 341 1544 secum,
355 1482 386 1532 et
398 1493 433 1533 ea
446 1473 560 1533 causari
571 1493 638 1552 quoe
652 1492 802 1551 nunquam
816 1471 895 1532 sacta
909 1480 987 1545 sunt,
1002 1470 1196 1532 ostendetur?

172 1565 219 1623 10.
240 1564 330 1632 Quod
342 1584 412 1624 vero
435 1575 481 1625 est
497 1566 627 1626 omnium
650 1564 820 1638 maximum,
839 1562 970 1635 Judices,
984 1581 1103 1641 quoque
1115 1582 1223 1642 cogno·

129 1656 217 1715 scetis
233 1676 320 1735 quam
342 1658 520 1734 injustus'et
540 1678 643 1718 avarus
665 1657 752 1717 homo
772 1657 819 1717 sit.
861 1655 980 1741 Decuit,
995 1654 1020 1712 si
1040 1653 1112 1732 quid
1126 1673 1223 1715 eorum

127 1767 194 1826 quae
207 1748 277 1808 dicit
289 1770 389 1809 verum
402 1760 491 1823 esset,
505 1751 584 1829 prius
598 1750 752 1810 illum'ista
765 1747 874 1809 dixisse
892 1757 923 1806 et
942 1756 1009 1805 ante
1024 1745 1134 1807 factum
1143 1746 1223 1827 judi-

127 1838 203 1899 cium
226 1842 402 1916 ostendisse,
418 1842 552 1920 judicum
573 1842 686 1902 animos
708 1841 920 1921 periclitantem
942 1837 1080 1916 quidnam
1094 1858 1222 1918 pronun-

124 1930 228 1992 ciaturi
241 1944 356 2003 essent;
379 1935 535 2013 multisque
555 1935 681 1995 testibus
702 1929 850 2003 adhibitis,
863 1939 962 2008 petere
975 1939 1008 1988 ut
1027 1932 1126 2010 pactio
1145 1934 1222 2015 apud

125 2023 333 2086 Androclidem
345 2028 402 2087 sita
416 2027 574 2097 tolleretur,
589 2033 722 2102 utquam
742 2041 800 2102 ego
822 2021 959 2082 violarem
973 2021 1024 2100 qui
1045 2022 1073 2083 ei
1087 2023 1221 2087 adversa·

124 2138 186 2185 rer;
209 2128 240 2178 et
251 2128 387 2197 tanquam
400 2118 538 2195 pactione
551 2117 626 2174 inter
641 2134 686 2174 me
700 2123 730 2175 et
744 2134 776 2174 se
791 2113 916 2185 sublata,
929 2114 1119 2176 Androclidae
1132 2136 1153 2179 a
1164 2138 1221 2199 quo

124 2230 160 2271 ea
180 2220 342 2271 asservatur
362 2208 549 2281 denunciare,
565 2207 620 2267 sibi
636 2212 698 2283 jam
720 2206 791 2266 nihil
811 2226 876 2266 esse
896 2205 937 2265 rei
957 2226 1023 2266 cum
1043 2208 1105 2269 illa.
1149 2210 1221 2273 Hrec

124 2304 205 2363 facta
221 2323 285 2363 esse
300 2301 438 2382 oportuit,
453 2299 470 2359 J
474 2300 583 2372 udices,
599 2301 623 2359 si
643 2299 714 2379 quid
728 2319 828 2361 eorum
841 2318 908 2377 quoe
921 2298 993 2360 dicit
1006 2320 1106 2361 verum
1125 2314 1219 2374 esset3

125 2397 255 2476 oportuit
268 2405 298 2455 et
311 2395 407 2455 solum
421 2394 582 2454 accessisse
596 2392 635 2453 ad
651 2392 857 2452 Androclidem
876 2411 912 2450 ac
936 2392 1096 2467 testificari,
1112 2405 1220 2457 etcum

123 2489 248 2548 testibus
262 2487 371 2557 multis,
380 2496 414 2545 ut
427 2485 534 2545 multos
544 2485 665 2544 haberet
677 2482 811 2543 conscios
823 2502 831 2541 :
855 2501 921 2541 eum
932 2501 999 2543 vero
1009 2485 1081 2559 nihil
1093 2506 1220 2567 unquam

123 2579 227 2637 horum
240 2577 355 2647 secisse,
368 2577 461 2655 ipsius
472 2575 671 2646 Androclidoe,
686 2575 765 2652 apud
779 2594 867 2653 quem
885 2575 984 2654 pactio
998 2576 1056 2637 sita
1069 2589 1128 2651 est,
1142 2580 1219 2641 testi·

123 2670 220 2730 monio
234 2668 412 2747 intelligetis.
454 2668 537 2748 Lege
550 2668 758 2729 testimonium.

520 2902 821 2965 TESTIMONIUM.

166 3049 212 3106 ll.
234 3047 302 3106 Jam
327 3047 406 3107 aliud
428 3048 489 3127 ejus
511 3049 635 3123 facinus,
659 3050 791 3121 Judices,
812 3050 1002 3110 considerate.
1046 3052 1112 3132 Ego
1132 3042 1218 3113 istum

120 3144 275 3223 provocavi
299 3151 328 3202 et
349 3140 419 3220 petii
440 3152 473 3200 ut
494 3163 539 3203 me
558 3142 596 3201 ad
616 3143 835 3202 Androclidem'
847 3153 1024 3221 sequeretur,
1038 3145 1119 3222 apud
1134 3164 1219 3222 quern

121 3237 216 3316 pactio
229 3235 286 3295 sita
298 3245 385 3304 esset,
400 3256 458 3314 quo
472 3255 537 3295 eam
551 3237 742 3296 communiter
755 3236 928 3315 exscriptam
940 3237 1039 3295 denuo
1050 3239 1220 3316 obsignare·

120 3348 196 3397 mus,
214 3336 243 3386 et
263 3327 396 3404 exempla
411 3328 439 3385 in
452 3328 587 3387 echinum
602 3329 831 3403 conjiceremus;
854 3339 887 3388 ut
901 3349 938 3387 ne
954 3329 1107 3389 ullaesset
1124 3330 1219 3410 suspi-

119 3421 176 3490 cio,
191 3419 243 3478 sed
257 3427 291 3476 ut
303 3437 355 3476 vos
371 3418 456 3476 rebus
470 3420 604 3479 omnibus
618 3422 658 3480 ita
672 3432 705 3481 ut
718 3432 829 3487 rectum
847 3430 876 3480 et
898 3441 1015 3499 aequum
1034 3433 1080 3481 est
1100 3424 1219 3495 auditis,

119 3510 150 3570 id
170 3510 373 3579 decerneretis
388 3511 469 3588 quod
491 3513 574 3571 vohis
593 3514 787 3588 justissimum
802 3513 955 3573 videretur.
998 3514 1066 3574 Hoc
1088 3536 1137 3575 me
1151 3537 1219 3595 pro·

119 3615 252 3674 vocante,
268 3602 338 3660 nihil
351 3602 455 3661 horum
468 3605 568 3663 facere
584 3606 690 3664 voluit:
709 3607 760 3665 sed
776 3606 804 3664 in
819 3606 892 3664 illud
907 3605 1029 3678 studuit,
1041 3618 1075 3667 ut
1087 3630 1125 3667 ne
1138 3629 1219 3669 vose

118 3695 320 3758 communibus
344 3694 434 3754 literis
456 3696 619 3774 pactionem
640 3699 740 3758 audire
755 3699 888 3777 possetis.
931 3699 1018 3758 Hanc
1032 3703 1219 3777 provocatio-

117 3810 184 3850 nem
196 3810 260 3850 esse
275 3809 293 3847 a
306 3807 352 3847 me
364 3789 472 3847 factam
488 3788 529 3847 uti
544 3800 669 3861 constet,
685 3811 785 3852 eorum
801 3791 999 3851 testimonium
1014 3794 1098 3853 vobis
1114 3796 1218 3854 recita·

116 3887 205 3959 bitur,
218 3903 316 3945 coram
329 3882 435 3961 quibus
449 3881 513 3960 ipsa
525 3884 694 3962 provocatio
708 3884 787 3944 facta
798 3894 852 3944 est.
896 3884 974 3965 Lege
988 3885 1197 3947 testimonium.

505 4101 808 4162 TESTIMONIUM.

116 4251 183 4312 Qua
204 4248 314 4306 ratione
338 4244 430 4322 magis
452 4243 567 4301 ostendi
586 4255 697 4323 posset,
717 4246 863 4305 hominem
884 4248 955 4306 nihil
978 4248 1056 4327 aequi
1076 4261 1217 4327 praestare

114 4339 185 4397 mihi
199 4341 305 4400 habere
319 4341 348 4398 in
362 4337 477 4405 animo;
498 4337 551 4395 sed
575 4347 679 4417 putare
697 4340 776 4399 sciis
798 4361 844 4399 me
865 4342 1066 4401 fraudaturum
1081 4362 1148 4421 quae
1169 4363 1217 4401 me

105 4432 254 4512 recepisse
276 4432 420 4515 oportuit:
442 4427 624 4510 quiquidem
645 4441 803 4511 praetextus
827 4431 928 4493 afferat
942 4443 972 4493 et
994 4432 1215 4495 criminationes
