2662 4792
163 293 222 355 sss
593 276 814 346 rmsrorm.
909 230 916 243 “

164 442 299 516 ficianda,
312 461 377 522 quoe
398 439 438 501 dii
460 439 631 520 prohibeant
651 460 689 501 ne
706 439 744 501 ad
762 436 871 498 exitum
894 432 1101 514 perducantur.
1140 430 1253 513 Siquis

164 547 260 599 autern
284 545 412 596 vestrum
433 533 497 594 haec
518 532 677 604 cavillatur,
699 532 725 592 is
748 540 794 592 est
817 548 924 608 magna
949 525 1098 587 vaecordia
1122 527 1251 586 refertus.

166 630 233 700 Qui,
258 648 323 689 cum
347 647 382 688 ea
403 627 483 686 facta
505 646 571 686 esse
592 625 701 696 videat,
724 644 789 703 quae
813 641 900 682 nemo
922 620 1019 680 futura
1043 619 1203 689 metuebat,
1224 626 1252 679 et

164 722 233 782 olim
252 721 338 779 etiam
356 720 434 779 facta
455 730 534 790 sunt,
547 737 614 777 cum
631 718 755 797 populus
779 735 831 795 per
849 713 980 773 homines
998 710 1184 771 insidiatores
1202 711 1251 769 im·

164 813 267 891 pulsus
289 832 340 870 eos
363 832 380 870 a
401 811 504 890 quibus
523 811 732 870 defendebatur
750 817 902 888 suspectos
926 807 1033 866 habere
1049 814 1140 886 atque
1161 804 1253 865 odisse

165 904 261 983 coepit,
275 923 353 962 nunc
367 924 430 963 esse
445 904 543 963 futura
556 923 615 963 non
629 912 723 982 putat,
746 921 842 961 nonne
861 899 988 959 insanit?
1019 900 1108 972 Haec,
1128 898 1153 957 si
1172 898 1252 957 ades·

77 984 80 999 ¹
165 1016 238 1069 sern,
253 1015 352 1056 coram
364 996 447 1056 vobis
462 996 653 1075 explicarem:
675 1006 828 1074 postquam
842 1014 909 1055 vero
922 1013 1038 1053 mecum
1056 993 1098 1053 ita
1113 992 1218 1072 agitur,
1225 1002 1255 1051 nt

166 1109 234 1149 cum
259 1109 293 1149 eo
315 1089 402 1148 velim
424 1088 482 1167 agi,
496 1088 579 1168 cujus
596 1089 755 1148 mendaciis
779 1087 915 1148 effectum
937 1096 983 1146 est
997 1097 1032 1145 ut
1045 1106 1103 1164 ego
1116 1084 1254 1165 perierim,

165 1200 220 1262 per
241 1181 339 1240 literas
363 1180 452 1240 vestri
476 1190 505 1241 et
526 1181 644 1240 honoris
664 1192 696 1240 et
713 1180 857 1240 commodi
876 1179 987 1246 ratione
1000 1178 1032 1237 in
1046 1178 1148 1258 primis
1160 1178 1255 1238 habits

166 1274 336 1353 significavi,
351 1273 482 1333 secundo
501 1274 568 1333 loco
582 1293 697 1353 aequum
711 1293 777 1333 esse
787 1278 902 1332 'censeo
920 1282 964 1343 ut,
980 1290 1039 1350 qua
1057 1271 1254 1333 benevolentia

167 1369 333 1448 Lycurgum
356 1367 500 1426 viventem
521 1387 585 1427 sum
612 1377 794 1446 prosecutus,
817 1367 940 1426 eandem
961 1385 1033 1445 erga
1055 1366 1122 1447 ejus
1145 1380 1254 1447 quoque

165 1462 272 1521 liberos
285 1480 346 1540 proe
357 1479 405 1518 me
419 1460 520 1519 feram.
562 1459 594 1518 Si
612 1460 657 1520 cui
670 1478 738 1519 vero
754 1460 877 1519 fortasse
891 1460 921 1518 in
935 1469 1064 1518 mentem
1078 1459 1171 1533 venit,
1191 1458 1253 1519 mibi

166 1554 289 1613 multum
304 1572 369 1613 esse
383 1552 434 1612 otii
448 1554 562 1612 arebus
576 1552 657 1622 meis,
673 1552 715 1610 illi
726 1572 781 1630 ego
795 1551 969 1631 respondere
982 1571 1043 1610 non
1058 1552 1201 1627 dubitem,
1213 1572 1252 1613 me

165 1648 204 1708 de
216 1656 313 1708 restra
326 1645 449 1705 utilitate
463 1656 494 1705 et
506 1645 634 1705 omnium
648 1647 805 1705 amicorum
819 1645 988 1705 defensione
1001 1665 1062 1705 nou
1075 1645 1174 1705 minus
1187 1664 1253 1720 esso,

166 1760 253 1819 quam
268 1739 305 1797 de
321 1757 387 1797 mea
400 1737 492 1796 salute
508 1738 662 1797 solicitum.
704 1737 795 1798 Nulla
806 1738 894 1817 igitur
914 1737 1085 1797 curiositate
1098 1738 1166 1798 haec
1177 1738 1254 1813 facio,
1316 1728 1320 1735 ¹

167 1831 220 1889 scd
235 1841 268 1889 ut
280 1830 358 1888 idern
372 1829 501 1889 studium
522 1829 657 1908 idemque
680 1830 843 1889 institutum
865 1838 963 1900 teneo,
978 1830 1064 1890 sicet
1083 1830 1151 1892 baec
1170 1840 1200 1891 et
1210 1829 1255 1891 illo

166 1923 229 2003 pari
253 1922 349 1982 animo
368 1921 507 2001 suscipio.
550 1921 611 1981 Otii
634 1941 702 1981 vero
725 1932 838 1982 tantum
862 1924 931 1982 mihi
956 1932 1101 2001 superest,
1123 1935 1254 2004 quantum

166 2016 223 2076 illis
236 2016 285 2095 qui
297 2014 378 2075 vobis
391 2015 467 2075 male
481 2016 582 2076 volunt
596 2034 746 2094 superesse
757 2015 855 2074 velim.
883 2016 930 2074 Ac
945 2016 982 2075 de
993 2016 1040 2074 his
1053 2016 1172 2094 quidem
1183 2016 1254 2076 satis.

168 2108 264 2169 Velim
284 2119 381 2169 autem
405 2129 458 2188 pro
479 2108 682 2169 benevolentia
701 2118 731 2169 et
749 2127 847 2168 amore
870 2128 1023 2179 meonunc
1042 2109 1171 2171 breviter
1184 2108 1255 2190 queri

167 2205 330 2275 vobiscum,
342 2203 374 2262 id
392 2201 471 2281 quod
489 2203 576 2281 paulo
591 2211 659 2281 post
672 2221 722 2282 per
734 2202 839 2280 longas
854 2202 962 2273 literas,
980 2221 1064 2281 quas,
1086 2201 1255 2275 advixerat

168 2318 215 2357 me
230 2295 446 2375 exspectabitis,
460 2295 576 2368 faciam,
590 2295 645 2353 nisi
658 2295 738 2374 prius
752 2315 770 2354 a
782 2295 864 2355 vobis
873 2296 923 2374 jus
938 2313 1037 2353 meum
1056 2295 1143 2355 fuero
1161 2314 1255 2356 conse·

168 2400 265 2451 cutus.
307 2389 399 2460 Quos,
419 2388 550 2465 o—quid
572 2388 667 2448 dicam
690 2397 723 2446 ut
742 2407 839 2467 neque
861 2406 954 2447 errare
976 2406 1072 2465 neque
1093 2388 1208 2448 mentiri
1219 2386 1255 2447 vi·

168 2481 433 2542 dearl—nimirum
452 2481 646 2558 negligentes,
664 2500 759 2558 neque
780 2480 900 2539 aliorum
918 2499 1013 2558 neque
1028 2481 1118 2540 vestri
1137 2481 1256 2560 ipsorum

166 2575 268 2653 pudet,
283 2573 320 2632 ob
343 2592 378 2630 ea
400 2572 630 2630 Demosthenem
654 2572 782 2647 ejecisse,
804 2584 921 2651 propter
941 2592 1008 2649 quae
1031 2572 1255 2651 Aristogitonem
1306 2622 1313 2629 .

168 2666 330 2723 indemnem
355 2662 522 2721 dimisistis:
545 2685 668 2742 quaeque
682 2665 726 2735 iis,
742 2666 792 2742 qui
806 2684 858 2722 vos
872 2665 1053 2724 floccifacere
1068 2666 1190 2735 audent,
1205 2685 1256 2724 nou

169 2769 289 2838 accepta
305 2757 415 2816 avobis
430 2766 528 2815 tenere
542 2757 619 2829 licet,
634 2777 669 2816 ea
688 2778 745 2815 non
760 2759 830 2816 dare
845 2759 924 2829 mihi,
938 2769 972 2817 ut
987 2770 1014 2818 et
1029 2779 1089 2818 aere
1110 2760 1205 2819 alieno
1217 2779 1255 2818 re·

169 2850 256 2909 dacto
271 2859 301 2907 et
319 2847 490 2907 liberalitate
505 2847 664 2907 amicorum
678 2848 846 2908 sublevatus
861 2852 943 2909 vobis
958 2852 1131 2912 satisfacere
1145 2852 1255 2932 possim,

169 2956 202 3002 ut
218 2965 253 3002 ne
268 2952 444 3002 senectutem
469 2953 498 3001 et
518 2943 649 3001 exsilium
665 2945 807 3003 mercedis
822 2945 887 3005 loco
900 2965 952 3023 pro
972 2945 1043 3004 meis
1058 2958 1157 3005 vestra
1177 2964 1257 3007 causa

168 3037 322 3096 exantlatis
350 3035 496 3094 laboribus
523 3036 678 3116 accipiens,
692 3057 844 3096 commune
866 3038 1001 3116 probrum
1023 3058 1124 3096 eorum
1147 3040 1194 3118 qui
1216 3056 1256 3096 me

168 3132 272 3191 laesere
282 3130 395 3209 injuria,
407 3149 528 3208 peregre
543 3130 572 3187 in
582 3130 896 3210 hominumconspectu
909 3151 1015 3190 verser.
1057 3133 1156 3199 Quum
1169 3142 1257 3192 autem

170 3247 225 3304 ego
237 3224 321 3284 velim
338 3234 435 3283 vestro
449 3224 590 3282 beneficio
605 3235 635 3282 et
648 3244 699 3303 pro
714 3225 914 3302 magnitudine
928 3225 1089 3283 animorum
1104 3239 1259 3285 vestrorum

170 3319 208 3375 ab
236 3316 336 3376 exsilio
360 3316 477 3374 domurn
501 3317 639 3387 revocari,
660 3336 750 3394 eaque
769 3318 888 3377 infamia
912 3339 978 3395 quae
1001 3338 1047 3376 me
1069 3319 1261 3378 immerentem

170 3409 266 3467 obruit
282 3408 406 3477 liberari,
420 3406 566 3483 fidemque
589 3409 734 3486 publicam
756 3430 815 3469 non
836 3410 943 3469 diutius
958 3422 1054 3488 petam
1069 3433 1157 3489 quam
1173 3431 1259 3491 quan·

170 3511 232 3558 tum
252 3499 322 3557 mihi
346 3498 483 3576 temporis
509 3499 547 3557 ad
570 3501 740 3560 solvendam
762 3503 899 3561 mulctam
921 3504 1135 3582 praefinivistis:
1158 3504 1258 3563 ethaec

171 3591 333 3670 denegatis,
353 3601 383 3648 et
399 3591 594 3669 interrogatis,
609 3605 641 3652 ut
664 3594 732 3652 mihi
752 3597 946 3666 renunciatur,
962 3596 1026 3674 quis
1046 3616 1118 3674 ergo
1133 3617 1178 3655 me
1198 3616 1259 3676 pro·

170 3688 267 3746 hibeat
289 3686 387 3744 venire
411 3696 440 3742 et
460 3685 522 3744 haec
543 3688 649 3765 agere?
682 3689 768 3756 Quod
788 3690 878 3748 vereri
903 3690 1000 3759 didici,
1016 3690 1221 3761 Athenienses,
1235 3700 1261 3747 et

171 3783 258 3860 longe
280 3779 337 3838 alia
358 3779 475 3836 fortuna
499 3798 573 3849 sum,
589 3800 677 3857 quarn
702 3801 767 3839 mea
784 3782 813 3838 in
838 3802 887 3840 vos
909 3792 938 3839 ot
958 3783 1168 3860 rempublicam
1190 3784 1263 3840 facta

171 3878 366 3943 merebantur,
380 3881 410 3930 et
424 3871 502 3948 quod
516 3872 555 3929 rei
573 3872 719 3932 familiaris
740 3884 858 3953 propter
872 3874 1016 3953 quosdam
1032 3880 1177 3947 jacturam
1199 3874 1260 3943 feci,

172 3989 208 4027 rre
224 3969 264 4027 illi
280 3967 401 4046 duplum
416 3965 526 4024 solvere
542 3977 724 4042 cogerentur,
738 3988 804 4027 cum
820 3966 952 4045 simplum
964 3987 1020 4025 non
1036 3977 1167 4043 possent,
1181 3966 1262 4024 satis·

172 4062 242 4120 dare
257 4061 336 4119 initio
351 4080 404 4139 pro
418 4078 483 4118 mea
503 4057 641 4116 facilitate
662 4060 831 4137 pollicitus:
854 4060 988 4136 aquibus
1008 4060 1151 4139 adjutrice
1170 4070 1263 4117 vostra

171 4152 374 4212 benevolentia
393 4170 536 4221 reversus,
550 4159 660 4228 partem
686 4151 799 4224 saltem,
814 4152 836 4210 si
858 4171 915 4209 non
936 4163 1040 4223 totum,
1056 4171 1261 4230 recuperarem,

173 4256 207 4304 ut
230 4248 373 4325 reliquum
397 4246 465 4305 vitoe
491 4254 602 4321 tempus
618 4242 689 4301 citra
711 4245 839 4305 dedecus
865 4247 981 4325 exigere
1004 4246 1120 4313 liceret3
1142 4242 1260 4322 quodsi

173 4358 241 4397 vero
255 4340 303 4412 ita,
316 4351 348 4398 ut
369 4340 417 4400 isti
431 4338 479 4419 qui
490 4339 605 4416 jactant
619 4336 688 4396 talia
697 4336 812 4415 jubent,
833 4360 950 4409 venero,
967 4339 1051 4399 simul
1065 4349 1095 4398 et
1109 4336 1261 4416 ignominia
