2662 4792
121 265 183 325 646
484 263 530 324 IN
551 264 806 325 adamannum
828 266 854 325 1.

121 436 183 493 aas,
196 418 247 499 qui
263 418 423 479 eBarbaro
435 417 583 491 Grmcum,
596 439 614 480 e
631 419 775 499 mancipio
794 419 921 480 nobilem
939 420 1083 494 lecerunt,
1096 422 1148 501 qui
1164 430 1210 483 tot

118 509 307 571 felicitatibus
320 519 471 581 ornarunt,
485 511 522 571 ab
539 530 577 572 eo
595 511 705 592 negligi
726 522 856 571 extrema
878 511 976 591 inopia
994 513 1209 589 conflictantes,

119 623 188 664 cum
199 622 260 662 rem
272 602 380 663 habeat
391 613 424 663 et
432 603 567 665 divitias:
582 615 613 665 et
625 624 736 665 ecesse
749 604 937 684 impudentia,
951 614 996 676 ut,
1011 626 1102 685 quam
1114 607 1207 667 fortu-

118 716 187 758 nam
200 714 220 755 a
231 694 314 755 nobis
325 696 448 776 accepit,
462 696 499 756 de
511 717 547 757 ea
559 697 697 777 impertiri
706 697 789 757 nohis
801 716 861 756 non
874 696 992 757 audeat.
1025 697 1068 757 At
1079 717 1140 758 non
1154 697 1207 759 du·

118 789 222 849 bitavit
234 788 341 849 ducere
357 789 514 863 dominam,
528 800 559 850 et
576 810 640 850 eam
659 789 767 849 habere
788 790 818 848 in
839 789 1032 861 matrimonio,
1054 809 1122 869 quae
1140 809 1206 851 eum

119 900 221 941 recens
232 880 405 960 mancipium
427 892 489 941 turn
509 901 575 941 cum
594 892 709 960 emptus
728 881 784 940 fuit
803 882 942 942 initiarat:
965 902 1022 943 nec
1040 882 1140 943 dotem
1153 882 1207 943 sibi

119 972 249 1052 quinque
262 973 374 1033 talenta
387 974 521 1046 scrihere,
534 983 665 1055 excepta,
679 994 767 1053 quam
782 984 874 1034 mater
885 974 997 1048 habuit,
1009 993 1126 1054 quaque
1144 973 1208 1054 ipse

117 1065 228 1145 potitus
241 1074 297 1139 est,
309 1085 416 1145 magna
435 1067 568 1146 pecunia.
609 1067 688 1133 Quid
709 1066 786 1126 enim
805 1086 872 1126 eum
885 1067 994 1145 putatis
1005 1067 1037 1125 in
1050 1078 1207 1129 testamen-

117 1157 379 1238 tuminscripsisse,
393 1168 430 1219 et
450 1169 596 1219 caetera
615 1179 697 1237 quas
716 1158 1076 1238 hahetArchippae
1091 1157 1206 1239 legul

116 1259 232 1310 nostras
244 1261 344 1311 autem
362 1250 446 1323 filias,
461 1271 527 1329 quaa
542 1252 620 1311 domi
632 1260 749 1331 propter
761 1260 921 1330 egestatem
935 1251 1053 1312 cmlihes
1066 1272 1206 1314 conmac-

117 1352 211 1415 scent,
222 1343 355 1422 negligit
395 1344 484 1412 Quod
502 1343 528 1425 si
544 1344 600 1404 iste
613 1363 727 1423 pauper
738 1354 826 1417 esset,
839 1362 895 1403 nos
907 1362 977 1404 vero
989 1343 1164 1425 locupletes,
1176 1354 1208 1405 et

116 1434 198 1505 mihi,
213 1444 247 1494 ut
258 1436 352 1494 multa
369 1435 478 1495 homini
495 1446 628 1516 possunt,
642 1436 751 1515 aliquid
770 1435 936 1509 accidisset,
947 1434 1030 1495 istius
1052 1436 1106 1497 filii
1127 1454 1207 1497 ineas

115 1525 192 1587 filias
202 1527 256 1586 sibi
269 1527 332 1587 dari
345 1528 536 1605 postularent,
548 1547 630 1588 servo
641 1529 700 1587 nati
713 1527 832 1588 heriles:
847 1526 982 1589 avunculi
995 1526 1073 1587 enim
1085 1527 1129 1587 eis
1138 1516 1207 1587 sunt

114 1628 269 1699 propterea
290 1618 369 1699 quod
392 1630 513 1680 manem
534 1621 590 1679 iste
612 1639 709 1681 meam
729 1619 821 1679 duxit.
854 1619 1012 1698 Postquam
1034 1628 1133 1681 autem
1152 1636 1205 1679 nos

115 1710 218 1791 inopes
239 1732 351 1787 sumus,
371 1732 431 1772 non
454 1713 604 1792 adjuvabit
623 1733 674 1773 eas
697 1723 732 1772 ut
754 1713 920 1773 elocentur:
948 1711 1001 1772 sed
1025 1720 1157 1773 recenset
1177 1718 1208 1771 et

115 1811 275 1880 computat,
288 1813 427 1881 quantum
440 1823 496 1883 ego
509 1804 642 1883 pecunioe
655 1804 787 1864 habeam.
816 1804 904 1877 Nam,
917 1804 998 1883 quod
1010 1804 1142 1864 omnium
1153 1802 1207 1863 ini·

114 1894 286 1974 quissimum
300 1906 354 1968 est,
368 1897 431 1976 ejus
444 1916 504 1975 qua
517 1916 571 1956 nos
584 1897 728 1957 fraudavit
739 1896 884 1977 pecuniae,
897 1896 1008 1956 nullam
1022 1896 1052 1957 in
1065 1896 1145 1957 huno
1156 1914 1204 1955 us-

115 2006 174 2066 que
186 1986 262 2048 diem
280 1989 421 2049 rationem
437 1990 559 2050 reddere
571 1990 672 2063 voluit,
685 1990 739 2050 sed
757 1990 944 2067 exceptiones
953 1988 1082 2070 ‘opponit
1094 1988 1133 2049 de
1147 2006 1206 2047 non

115 2079 216 2140 danda
228 2081 312 2140 nobis
326 2082 453 2142 actione:
474 2104 542 2162 quae
556 2092 653 2143 autem
666 2103 682 2142 e
695 2080 860 2163 patrimonii
879 2081 1033 2161 partitione
1046 2080 1158 2161 accepi,
1170 2098 1207 2141 ea

114 2182 274 2253 computat.
301 2175 386 2235 Acin
400 2185 524 2236 ceteros
537 2175 655 2255 quidem
668 2196 769 2236 servos
782 2195 802 2235 a
813 2174 937 2234 dominis
951 2174 1056 2253 inquiri
1067 2172 1206 2235 videatis:

114 2261 170 2324 iste
184 2275 285 2325 contra
303 2266 333 2323 in
353 2267 503 2325 dominum
518 2286 620 2327 servus
639 2266 768 2343 inquirit,
780 2285 816 2326 ea
828 2285 859 2325 re
873 2263 984 2327 scilicet
999 2265 1163 2343 improbum
1176 2274 1207 2326 et

112 2357 268 2437 prodigum
281 2377 346 2418 esse
360 2378 408 2418 me
425 2368 610 2418 ostensurus.

155 2452 206 2509 2l.
221 2449 287 2527 Ego
300 2470 378 2522 vero,
390 2449 595 2522 Athenienses,
605 2449 685 2527 quod
695 2449 734 2508 ad
743 2446 828 2508 faciei
835 2447 978 2520 habitum,
988 2458 1019 2509 et
1026 2449 1207 2515 celeritatem

115 2543 257 2616 incessus,
270 2552 300 2603 et
312 2542 541 2622 magnitudinem
556 2542 637 2602 vocis
651 2541 762 2614 attinet,
776 2560 835 2600 non
854 2541 885 2599 in
901 2540 935 2601 iis
955 2561 1003 2601 me
1020 2562 1142 2604 numero
1156 2544 1207 2624 qui

114 2647 246 2697 naturam
260 2636 413 2716 propitiam
425 2637 605 2695 habuerunt:
619 2635 724 2714 quihus
738 2634 815 2693 enim
828 2634 915 2692 rebus
929 2634 991 2693 sine
1003 2655 1070 2695 mea
1082 2635 1206 2695 utilitate

115 2730 290 2809 quibusdam
304 2749 370 2790 sum
382 2730 535 2801 molestus,
549 2748 593 2787 eae
611 2727 681 2797 mihi
700 2745 898 2806 saepenumero
912 2725 1141 2801 incommodant,
1154 2729 1207 2789 sed

115 2824 193 2903 quod
218 2823 257 2883 ad
280 2842 329 2883 eos
349 2831 481 2901 sumptus
502 2840 602 2880 ornnes
626 2821 730 2880 attinet
746 2820 796 2898 qui
821 2820 859 2879 ad
884 2819 1025 2898 meipsum
1049 2823 1205 2901 pertinent,

114 2917 208 2977 multo
221 2916 363 2996 frugalius
377 2915 445 2988 isto,
459 2925 489 2973 et
502 2914 565 2974 aliis
578 2913 709 2993 ejusdem
724 2912 846 2991 generis,
858 2912 953 2971 vivere
967 2932 1014 2971 me
1027 2914 1185 2975 constabit.

154 3014 204 3070 22.
219 3012 294 3079 Qum
306 3028 376 3070 vero
388 3009 418 3068 in
432 3007 573 3088 rempubl.
587 3017 617 3067 ct
630 3006 660 3064 in
670 3025 722 3066 vos
732 3005 910 3066 conferenda
918 3013 996 3074 sunt,
1007 3024 1094 3083 quam
1106 3006 1204 3085 splen-

114 3102 263 3164 didissime
282 3097 414 3184 possum,
427 3111 457 3160 et
474 3102 515 3160 ita
535 3110 568 3159 ut
590 3119 642 3160 vos
662 3098 771 3159 conscii
793 3098 875 3172 estis,
894 3096 1076 3158 administro.
1097 3097 1204 3177 Neque

112 3198 191 3257 enirn
203 3198 259 3257 hoc
273 3197 385 3277 ignoro,
399 3195 481 3254 vohis
495 3195 545 3273 qui
559 3193 637 3254 cives
651 3192 712 3253 nati
725 3192 796 3252 estis
809 3191 879 3252 satis
893 3209 960 3250 esse
972 3190 1054 3249 obire
1072 3210 1204 3263 munera,

111 3299 146 3349 ut
158 3290 239 3369 leges
253 3291 372 3370 jubent:
387 3288 472 3349 nohis
482 3298 580 3348 autem
594 3286 713 3347 adscitis
726 3294 756 3346 et
768 3286 849 3346 velut
861 3282 1007 3364 adoptatis
1016 3283 1059 3344 sic
1069 3284 1204 3344 obeunda

112 3400 232 3440 munera
246 3392 324 3452 sunt,
339 3391 372 3440 ut
385 3380 467 3439 vobis
480 3381 587 3439 referre
601 3378 723 3457 gratiam
736 3377 896 3438 videamur.
938 3375 985 3434 Ne
1000 3374 1090 3452 igitur
1103 3394 1141 3435 ea
1154 3394 1204 3435 ex·

112 3474 227 3552 probra,
240 3482 358 3552 propter
374 3492 440 3551 quae
458 3472 574 3531 laudem
594 3490 718 3531 mereor:
740 3470 793 3529 sed
812 3487 979 3546 quemnam,
993 3467 1143 3540 Phormio,
1163 3467 1204 3527 ci·

110 3565 201 3636 vium,
214 3574 246 3621 ut
260 3574 301 3635 tu,
315 3564 442 3623 conduxi
457 3564 494 3623 ad
505 3564 675 3623 libidinem?
700 3560 865 3620 Ostendito.
890 3560 986 3628 Quem
1001 3559 1127 3632 civitate,
1137 3578 1202 3638 quoe

112 3656 164 3716 tihi
173 3656 346 3715 liberalitate
360 3655 459 3735 populi
473 3655 605 3735 contigit,
619 3666 648 3715 et
662 3654 794 3714 libertate
804 3652 880 3712 civili
891 3651 1022 3731 spoliavi,
1034 3662 1069 3711 ut
1081 3661 1114 3713 tu
1126 3672 1202 3725 eum,

111 3770 198 3829 quem
212 3749 317 3828 probro
326 3747 465 3807 affecisti?
487 3749 579 3828 Cujus
590 3766 710 3806 uxorem
721 3765 777 3824 ego
787 3744 910 3823 corrupi,
919 3752 954 3801 nt
964 3752 1006 3815 tu,
1014 3752 1120 3821 prater
1131 3742 1203 3803 alias

111 3844 230 3922 multas,
244 3861 309 3901 eam
329 3841 427 3912 etiam,
441 3840 487 3899 cui
506 3849 728 3900 monumentum
748 3839 804 3897 iste
824 3836 880 3895 diis
903 3835 1023 3908 invisus,
1038 3854 1129 3914 prope
1149 3836 1203 3895 dc·

110 3937 197 3996 minse
211 3934 363 4007 tumulum,
377 3932 532 4005 exstruxit,
545 3932 668 4012 amplius
682 3931 797 3989 duobus
811 3927 929 3987 talentis
943 3927 1121 4006 insumptis?
1152 3946 1202 3986 ne·

110 4050 168 4108 que
182 4026 393 4094 animadvertit,
408 4023 561 4083 aedificium
575 4024 647 4083 illud
658 4033 718 4082 tam
727 4020 923 4100 magnificum,
935 4039 993 4079 non
1004 4018 1140 4098 sepulcri,
1151 4018 1204 4079 sed

112 4122 232 4202 injuriae,
242 4140 300 4201 qua
309 4119 358 4179 illa
367 4128 485 4198 propter
497 4119 585 4176 istum
599 4116 735 4175 maritum
747 4114 893 4185 affecerat,
903 4113 965 4174 fore
978 4114 1200 4173 monimentum.

109 4214 220 4274 Tamen
232 4215 294 4273 istis
308 4210 492 4288 facinoribus,
504 4221 534 4269 ct
547 4210 652 4269 talibus
665 4208 834 4287 petulantiae
843 4216 902 4265 tuae
914 4205 1090 4265 testimoniis
1105 4216 1203 4265 osten·

109 4307 188 4379 tatis,
203 4306 321 4367 alterius
334 4306 421 4367 vitam
435 4303 582 4384 exagitare
595 4301 705 4362 audes?
736 4300 866 4360 Interdiu
880 4310 911 4361 tu
929 4299 1078 4360 modestus
1092 4317 1136 4371 es,
1150 4316 1201 4357 no·

107 4406 158 4458 ctu
171 4408 270 4460 autem
284 4419 319 4460 ea
332 4398 479 4478 designas,
492 4416 557 4475 quae
571 4394 708 4476 capitalia
720 4404 799 4455 sunt.
