2662 4792
444 291 612 350 CONTRA
634 291 854 352 CONONEM.
1132 299 1191 355 ⁷⁴25

111 444 187 503 nella
209 443 320 503 alieni?
350 444 425 503 Haec
438 465 494 523 ego
512 456 591 504 certe
612 447 641 504 in
662 466 764 506 eorum
776 447 862 507 factis
876 446 1062 527 inesse'pnto
1084 452 1189 509 emnia.

111 534 163 597 tui
175 548 276 597 autem
289 537 335 597 his
349 538 406 597 alia
418 539 551 616 graviora
564 540 771 617 designarunt;
787 561 841 601 nos
858 553 954 602 tamen
967 544 1116 620 exquirere
1130 564 1189 604 non

110 650 258 711 possumus
273 652 374 692 omnes
388 652 438 692 eos
458 635 508 711 qui
523 633 618 693 allecti
633 646 701 693 sunt
714 635 833 710 injuriis.

145 724 188 783 l3.
210 724 309 792 Quam
329 735 426 784 autem
450 726 732 805 impudentissimam
752 728 815 806 ejus
835 730 994 788 orationem
1015 730 1076 789 sore
1092 732 1190 799 audio,

109 812 182 875 drea
195 836 249 875 roe
263 819 436 896 praemoneri
451 828 579 897 praestat.
622 820 714 878 Aiunt
727 840 793 878 eum
810 820 906 879 liberis
927 822 987 880 suis
1004 821 1138 883 adductis
1158 825 1188 882 in

108 924 198 967 eorum
219 911 319 988 capita
337 911 511 987 juraturum,
524 922 553 969 et
573 912 825 989 imprecationibus
840 912 910 970 diris
930 922 959 971 et
978 915 1126 974 atrocibus
1140 934 1191 974 eos

108 998 283 1075 ducturum,
297 1013 328 1062 et
349 1005 457 1065 talibus
481 1019 514 1063 ut
536 1024 586 1064 eas
610 1005 729 1083 quidam
753 1004 803 1082 qui
830 1004 963 1064 audierat
983 1007 1106 1083 portenti
1127 1007 1193 1067 loco

109 1094 182 1155 robis
209 1097 351 1156 retulerit.
393 1098 605 1177 insuperabilia
627 1106 706 1170 sunt,
720 1097 851 1169 ludices,
873 1098 938 1156 talis
957 1098 1088 1157 audaciae
1111 1098 1195 1158 com-'

109 1200 216 1249 uerum:
251 1209 321 1248 narn
344 1187 471 1268 optimus
496 1191 630 1269 quisque,
652 1192 763 1270 opinor,
779 1200 809 1249 et
833 1190 948 1248 minime
968 1191 1029 1267 ipse
1053 1191 1192 1263 mendax,

109 1280 206 1341 talibus
224 1282 382 1361 proeatigiis
407 1281 543 1342 facillime
564 1283 714 1362 decipitur.
756 1283 817 1342 Sed
838 1294 937 1342 tamen
951 1283 1092 1359 tantisper
1106 1284 1193 1341 susti-

109 1373 213 1435 rendm
227 1386 275 1433 est
288 1394 433 1447 assensrm
448 1376 517 1434 dum
531 1377 590 1434 vita
612 1386 642 1434 et
656 1394 750 1434 mores
764 1375 991 1434 considerentur.
1033 1375 1123 1433 lstius
1142 1397 1194 1435 au·

110 1472 160 1525 tem
177 1468 209 1527 in
230 1467 400 1546 hujusmodi
421 1469 509 1528 rebus
527 1467 674 1527 levitatem
689 1487 745 1547 ego
759 1468 841 1528 vebis
855 1487 1010 1547 exponam,
1023 1468 1073 1547 qui
1093 1488 1194 1530 neces-

111 1558 175 1619 urio
188 1560 356 1640 perquisivi.

145 1654 192 1711 14.
211 1654 323 1726 Audio,
346 1653 479 1726 Judices‚
501 1656 659 1715 bacchium
672 1657 818 1736 quendam
833 1678 850 1716 a
864 1658 944 1716 vobis
959 1656 1154 1730 interfectum,¹
1166 1668 1197 1716 et

112 1742 309 1805 Aristocraten
325 1747 373 1804 cui
387 1747 466 1806 oculi
480 1758 547 1807 sunt
568 1749 653 1818 eruti,
667 1760 697 1807 et
716 1748 789 1808 alios
809 1749 927 1823 similes,
941 1759 971 1808 et
987 1750 1150 1821 Cononem,
1163 1749 1195 1808 in

112 1838 298 1901 odolescentia
311 1841 405 1901 socios
420 1841 521 1913 fuisse,
536 1854 566 1901 et
586 1841 729 1900 Triballos
749 1842 988 1920 cognominatos:
1010 1862 1061 1902 eos
1079 1853 1109 1901 et
1125 1844 1194 1925 ¹He-

113 1940 174 1993 aaa
186 1953 319 1995 comesse
333 1954 443 2005 coenas,
458 1944 488 1993 et
501 1934 652 1994 testiculos
670 1934 875 2014 porcellorum,
891 1934 997 2011 quibus
1009 1942 1115 1992 coerum
1126 1955 1195 2014 pur-

113 2037 173 2103 prr
192 2038 350 2106 antequam
371 2027 401 2084 in
425 2026 570 2086 theatrum
597 2026 807 2104 ingrediantur,
830 2024 960 2103 undique
984 2024 1138 2102 collegisse
1165 2035 1196 2084 et

114 2120 232 2181 emriria
243 2120 429 2187 celebrasse;
451 2128 481 2178 et
501 2118 617 2178 facilius
638 2137 705 2176 cum
720 2123 836 2191 jurasse
853 2126 916 2174 tum
933 2119 1094 2193 pejerasse,
1108 2136 1196 2195 quam

114 2210 215 2289 quidde
235 2213 315 2272 aliud
336 2211 453 2272 fecisse.
495 2212 563 2270 Non
586 2210 674 2289 igitur
691 2209 805 2269 Cononi
814 2208 925 2288 juranti
937 2208 983 2267 hir
1002 2209 1130 2267 moribus
1152 2218 1198 2267 est

114 2300 238 2367 weida
247 2304 460 2382 fides-neque
475 2305 572 2363 multis
587 2304 681 2363 verbis
691 2313 738 2362 est
751 2322 876 2381 opus-,
887 2321 956 2360 nam
968 2300 1019 2378 qui
1032 2301 1080 2360 vel
1093 2320 1198 2360 secun·

115 2394 174 2459 dun
184 2400 268 2479 leges
282 2400 376 2460 sancti
385 2399 498 2478 juraret
508 2398 590 2471 nibil,
601 2398 625 2457 is
636 2407 715 2457 certe
728 2416 780 2476 per
794 2397 909 2468 liberos,
919 2395 999 2474 qued
1011 2395 1197 2455 interdictum

115 2500 161 2563 eo,
166 2492 264 2571 jurare
282 2512 343 2552 non
358 2491 562 2552 cunctabitur:
584 2502 615 2550 at
634 2489 862 2570 bonusquidem
876 2489 1021 2550 vicetiam
1037 2489 1198 2568 legitimum

115 2581 305 2663 jnrjurandum
320 2586 372 2644 dat
386 2585 504 2652 invitum
527 2588 623 2664 potius
634 2593 732 2643 autem
742 2603 830 2662 quam
843 2583 899 2643 isto
910 2582 1102 2642 descenderet
1115 2584 1200 2662 quid-

117 2674 261 2739 rirmallet
271 2677 403 2758 perpeti:
426 2678 451 2737 si
470 2690 567 2737 autem
581 2679 681 2758 jurare
696 2677 814 2737 omnine
833 2697 954 2737 necesse
974 2687 1029 2747 est,
1044 2677 1069 2734 is
1089 2677 1140 2754 qui
1159 2677 1202 2736 ita

115 2766 181 2845 iurat
196 2783 229 2833 ut
242 2783 393 2852 receptum
405 2784 460 2843 est,
473 2773 540 2851 plus
560 2772 628 2831 fidei
642 2781 768 2830 meretur
788 2790 823 2830 eo
842 2771 893 2849 qui
914 2770 1018 2829 liberos
1032 2769 1157 2829 devovet
1169 2783 1201 2831 et

117 2865 265 2945 perignem
283 2869 372 2945 jurat.
415 2866 480 2944 Ego
503 2886 582 2937 vero,
605 2866 718 2936 Conon,
743 2865 790 2923 cui
811 2874 929 2942 propter
951 2863 1049 2920 omnia
1068 2863 1134 2940 plus
1155 2874 1200 2921 est

119 2952 270 3019 labendum
283 2959 350 3018 fidei
365 2978 453 3037 quam
468 2958 531 3030 tibi,
542 2958 748 3037 jusjurandum
760 2957 817 3014 hoc
830 2956 900 3014 dare
915 2954 1003 3024 volui,
1017 2973 1086 3024 non,
1101 2964 1134 3011 ut
1144 2956 1199 3012 im-

120 3064 183 3127 pune
194 3051 299 3113 serrem
314 3051 435 3122 delicta,
448 3070 515 3110 cum
528 3050 599 3108 nihil
614 3050 673 3109 tale
687 3048 828 3119 facetam,
842 3046 941 3125 qualia
954 3055 998 3117 tu,
1012 3046 1066 3105 sed
1079 3055 1197 3124 propter

120 3142 255 3205 'mutem
267 3157 299 3204 et
313 3164 350 3203 ne
366 3143 551 3202 contumeliis
563 3143 704 3213 afficerer,
715 3160 774 3199 non
789 3148 822 3198 ut
834 3137 959 3218 perjurio
969 3155 1088 3197 causam
1102 3137 1200 3196 vince-

119 3248 176 3295 rem.
214 3237 321 3298 Recita
333 3236 578 3316 provocationem.

512 3390 790 3450 PROVOCA'l'lO.

154 3518 614 3600 lloecegoettumjurarevolui,
630 3530 661 3580 et
681 3539 783 3578 nunc
801 3520 895 3599 juro
919 3537 987 3597 per
1011 3517 1110 3577 deos
1136 3518 1201 3578 de·

122 3624 229 3692 arque
261 3634 395 3674 omnes
435 3625 561 3672 vestra
593 3632 724 3682 causa,
754 3611 938 3680 Judices,
978 3621 1017 3670 et
1044 3631 1200 3671 coronae

121 3701 425 3778 circumstantis,
452 3727 504 3766 me
533 3706 689 3766 omnino
719 3725 737 3764 a
765 3704 928 3764 Conone
957 3724 1198 3785 perpessum

120 3812 257 3880 eaquae
281 3822 513 3881 conqueror,
536 3814 574 3859 et
594 3800 801 3879 accepisse
824 3799 976 3879 plagas,
1001 3810 1038 3858 et
1062 3799 1200 3857 discis·

121 3906 187 3953 tum
209 3894 305 3954 mihi
342 3895 492 3954 labrum
528 3893 584 3953 ita
619 3904 660 3951 ut
696 3892 970 3952 consuendum
1003 3890 1138 3960 luerit,
1165 3902 1201 3949 et

119 3987 364 4047 contumetiis
402 3986 592 4057 affectum,
628 3987 701 4047 hoc
735 3984 901 4065 judicio
940 3984 1053 4044 illum
1089 4004 1200 4043 accu-

119 4093 206 4141 rare.
233 4080 404 4148 Quodsi
428 4089 568 4140 sancte
592 4081 697 4159 juro,
723 4079 844 4140 multa
870 4080 963 4139 mihi
990 4081 1095 4138 bona
1118 4098 1200 4137 eve-

119 4168 234 4243 niant,
270 4191 398 4251 neque
435 4173 471 4231 in
510 4181 716 4252 posterum
744 4174 956 4252 quiequam
984 4170 1065 4230 tale
1100 4171 1200 4231 acci·

118 4258 190 4321 dat:
219 4264 278 4323 sin
313 4264 460 4344 pejero,
490 4264 674 4324 funditus
707 4285 864 4345 peream
894 4276 932 4325 et
963 4264 1059 4343 ipse,
1094 4274 1133 4321 et
1167 4266 1199 4323 si

117 4355 203 4433 qnid
226 4357 317 4416 mihi
347 4368 413 4416 aut
437 4369 500 4419 est
524 4368 592 4417 aut
614 4359 792 4420 luturum
819 4369 889 4421 est.
933 4357 993 4418 Sed
1013 4376 1072 4419 non
1091 4358 1199 4439 pejero,

115 4446 168 4507 etsi
181 4446 294 4511 Conoru
308 4448 357 4508 iliu
371 4460 579 4531 rumperentur.
