2662 4792
136 528 439 592 ARGUMENTUM
464 516 860 683 P'RerssEgih'ffilONlS
881 530 927 591 IN
948 529 1210 593 STEPHANUM

156 803 218 851 Cure
235 803 393 866 Apollodoro·
409 801 572 851 Phormionem
585 808 713 861 mouserot,
726 803 856 851 domenare
871 802 979 866 pecnnia,
993 801 1063 863 isque
1077 800 1164 851 notioni
1178 816 1220 851 ox·

124 879 253 942 ceptionem
266 885 403 942 opponeret,
413 880 545 941 Stephanus
562 896 615 927 cum
631 880 684 929 aliie
698 895 742 943 pro
759 881 893 928 testimonio
904 880 973 935 dixit,
983 878 1149 927 Phormionem
1165 896 1220 929 oon·

124 957 236 1005 ditionem
253 957 337 1005 tulisse
355 958 509 1019 Apollodoro,
522 956 543 1004 ei
561 964 657 1019 regeret
675 958 808 1019 exemplum
829 974 880 1005 esre
898 956 1030 1005 testamenti
1048 956 1139 1019 paterni
1155 958 1219 1019 quod

123 1034 220 1083 baberet
234 1032 353 1090 Phormio,
374 1050 399 1081 re
416 1034 575 1091 ephibitnrum
591 1040 751 1083 termmentunr
768 1034 843 1096 ipsius
858 1034 966 1081 Pasionie
981 1032 1142 1096 operiendum,
1154 1034 1218 1095 quod

124 1111 219 1158 haberet
237 1116 261 1158 et
280 1109 401 1159 exhiberet
418 1110 546 1173 Amphion:
571 1111 739 1174 Apollodorum
757 1116 834 1158 nutem
852 1110 942 1174 aporire
961 1110 1075 1159 noluisse.
1113 1110 1144 1157 ld
1159 1125 1218 1159 vero

124 1187 198 1235 fulera
218 1187 349 1249 exemplum
368 1187 502 1237 tentamenti
520 1187 638 1237 Pmionir.
680 1190 735 1237 Hoo
754 1188 912 1237 testimonium
931 1187 995 1236 dixit
1011 1187 1144 1250 Stephanum
1164 1202 1217 1235 onor

124 1266 185 1315 ruia:
206 1280 260 1313 eom
280 1271 356 1313 nutem
372 1266 531 1329 Apollodorus
552 1272 634 1313 eontra
649 1266 813 1313 Phormionem
832 1267 993 1323 dioeret,eum
1010 1263 1038 1311 id
1056 1269 1217 1311 tentamentum

123 1342 272 1397 oonlinxiooe,
282 1348 399 1407 totamque
417 1358 466 1391 rem
484 1357 536 1391 eree
551 1342 739 1401 oommentitiam,
752 1342 844 1405 jndicio
856 1343 933 1391 victua
942 1341 1111 1405 Apollodorus,
1120 1338 1216 1403 Stepha-

123 1436 177 1469 num
187 1422 218 1469 do
228 1435 256 1468 eo
267 1420 409 1479 testimonio,
419 1429 526 1483 tanquam
537 1420 606 1479 salso,
617 1425 716 1468 aeonem.

475 1670 871 1684 ,Ἥ

395 1900 942 1984 DEMO'STHENIS

304 2140 362 2213 IN
396 2126 761 2213 STEPHANUM
793 2138 1026 2213 TESTEM

472 2361 657 2427 ORATIO
681 2348 844 2428 PRIOR.

160 2549 188 2607 1.
202 2546 308 2607 Fnuso
322 2549 486 2608 testimonio
500 2547 724 2617 circumventus,
738 2546 760 2606 J
762 2546 872 2619 udices,
892 2556 923 2605 et
936 2565 954 2605 a
973 2545 1149 2609 Phormione
1165 2550 1208 2609 in-

111 2639 196 2719 juriis
211 2660 245 2700 ac
259 2642 441 2702 contumeliis
458 2640 590 2712 affectus,
605 2640 710 2698 adsum
733 2659 788 2717 ope
808 2651 906 2699 vestra
918 2659 1020 2718 poenae
1042 2651 1208 2721 sumpturus

115 2732 154 2790 de
167 2732 201 2791 iis
215 2734 264 2812 qui
278 2754 376 2794 earum
390 2722 485 2793 rerum
498 2751 589 2794 causa
599 2732 668 2790 mihi
681 2733 808 2791 fuerunt.
832 2733 918 2810 Rogo
929 2744 1027 2791 autem
1038 2754 1089 2794 vos
1099 2755 1209 2807 omnes,

115 2843 167 2884 oro
182 2834 212 2885 et
225 2828 366 2898 obtestor,
377 2827 500 2905 primum
514 2835 548 2886 ut
561 2845 606 2884 me
617 2845 685 2885 cum
696 2825 899 2885 benevolentia
909 2826 1035 2886 audiatis
1048 2847 1056 2894 ;
1071 2848 1208 2907 magnum

115 2918 191 2977 enim
202 2920 389 2993 calamitosis,
403 2920 496 2999 qualis
511 2939 567 2999 ego
582 2938 657 2991 sum,
671 2917 807 2977 solatium
822 2927 868 2977 est
883 2920 965 2996 queri
979 2939 1066 2999 posse
1079 2921 1208 3002 injurias,

114 3020 144 3071 et
156 3032 174 3072 a
186 3014 268 3075 vobis
282 3016 436 3095 impetrare
449 3024 482 3074 ut
500 3013 627 3092 benigne
642 3011 805 3071 audiantur.
847 3012 973 3084 Deinde,
988 3013 1013 3072 si
1026 3014 1150 3076 affectus
1165 3017 1208 3075 in-

110 3105 188 3182 juria
207 3107 338 3181 videbor,
350 3118 384 3167 ut
398 3128 451 3187 pro
460 3109 526 3187 jure
542 3126 607 3165 meo
621 3124 666 3165 me
676 3105 794 3183 juvetis.
836 3104 998 3187 Ostendam
1015 3117 1113 3167 autem
1127 3110 1208 3169 vobis

113 3198 296 3277 Stephanum
311 3212 342 3260 et
354 3200 430 3260 falsa
443 3220 507 3260 esse
520 3209 659 3258 testatum
674 3208 705 3257 et
718 3198 747 3256 id
766 3197 858 3276 turpis
873 3198 969 3256 lucelli
993 3200 1152 3278 cupiditate
1167 3204 1208 3262 in·

112 3289 232 3351 ductum
246 3294 362 3365 fecisse,
375 3304 405 3352 et
418 3293 513 3371 ipsum
528 3312 545 3350 a
560 3312 624 3351 sese
635 3292 786 3352 accusari:
808 3301 890 3350 tanta
901 3303 946 3350 cst
956 3292 995 3350 rei
1006 3295 1208 3374 perspicuitas.

114 3380 201 3440 Dabo
224 3393 321 3442 autem
344 3403 461 3462 operam
484 3393 517 3441 ut
537 3384 628 3455 vobis,
647 3404 736 3462 quam
760 3394 860 3463 potero
880 3385 1074 3463 paucissimis,
1095 3409 1209 3449 narrem

106 3466 249 3552 'quicquid
264 3475 310 3555 egi
322 3495 389 3535 curn
401 3474 593 3535 Phormione:
609 3477 714 3555 quibus
725 3475 842 3548 auditis,
853 3486 883 3535 et
891 3476 970 3536 illius
981 3479 1208 3557 improbitatem,

112 3574 144 3623 et
156 3564 277 3625 istorum
291 3566 443 3627 mendacia
454 3568 648 3645 cognoscetis.

151 3661 181 3717 2.
204 3658 289 3728 Mihi,
305 3659 324 3717 J
327 3659 438 3731 udices,
451 3679 560 3737 magna
577 3659 702 3738 pecunia
716 3659 817 3717 relicta
831 3659 883 3717 fuit
899 3672 1022 3740 epatre,
1038 3683 1127 3741 quam
1141 3686 1208 3725 cum

112 3747 248 3809 Phormio
268 3751 399 3827 haberet,
419 3751 507 3810 etiam
525 3771 642 3810 uxorem
659 3760 779 3810 matrem
794 3771 888 3811 meam
904 3754 997 3828 duxit,
1012 3776 1059 3815 me
1074 3759 1208 3833 absente,

111 3843 225 3922 publice
247 3854 343 3904 vestra
364 3863 455 3903 causa
477 3843 584 3903 triremi
606 3844 853 3923 praefecto,-quo
871 3856 969 3904 autem
983 3860 1082 3926 pacto,
1104 3871 1207 3930 parurn

111 3939 234 3999 fortasse
253 3940 357 3999 deceat
374 3938 465 3996 filium
481 3937 517 3997 de
536 3950 628 4000 matre
648 3952 783 3998 accurate
799 3939 947 4015 dicere-,
955 3942 986 4000 id
1001 3964 1057 4022 ego
1072 3964 1206 4007 reversus

110 4041 267 4109 postquam
290 4030 489 4107 animadverti,
512 4041 542 4089 et
560 4051 619 4089 rem
638 4041 670 4090 ut
686 4042 769 4108 gesta
789 4041 851 4089 erat
864 4032 931 4104 vidi,
947 4036 1001 4093 etsi
1025 4037 1150 4097 multum
1163 4039 1207 4097 in·

111 4122 252 4200 dignabar
266 4134 295 4183 et
308 4144 367 4183 rem
382 4122 508 4202 graviter
523 4124 660 4197 ferebam,
678 4125 791 4202 privato
810 4137 908 4184 tamen
923 4147 989 4185 oum
1007 4147 1149 4191 accusare
1158 4134 1207 4212 ju-

110 4213 187 4274 dicio
201 4236 259 4277 non
272 4214 534 4296 potui-judicium
547 4217 623 4275 enim
644 4237 678 4276 eo
699 4228 829 4297 tempore
850 4218 991 4279 indictum
1007 4232 1080 4295 erat,
1094 4244 1207 4305 vosque

98 4304 214 4382 judicia
226 4320 344 4389 propter
356 4308 466 4369 bellum
480 4307 707 4383 differebatis-,
721 4310 773 4371 sed
791 4310 934 4370 actionem
948 4315 1132 4379 contumeliae
1151 4337 1204 4396 pu·
