2662 4792
111 300 169 357 tto
451 296 619 357 CONTRA
641 297 863 358 CONONEM.

154 455 202 512 15.
223 453 250 513 A
264 453 345 513 vobis
358 452 450 533 igitur-
466 464 544 533 peto,
558 455 576 513 J
580 453 692 525 udices,
705 454 842 533 quoniam
853 453 936 513 vobis
954 472 1023 532 quaa
1036 470 1123 532 reque
1135 460 1204 513 suut·

111 547 208 607 omnia
228 547 359 626 exposui,
384 557 415 607 et
434 547 622 629 jurejurando
643 548 766 620 firmavi,
790 555 825 608 ut
841 547 1092 627 quemadmodum
1114 565 1200 606 uam·

111 641 233 722 quisque
245 649 373 700 vestrum
387 641 417 700 in
430 641 517 701 simili
530 660 701 702 musaeum
715 660 734 701 a
747 660 807 721 quo
821 640 911 700 laesus
930 649 1010 701 esset
1026 641 1150 714 odisset,
1162 639 1200 700 ia

110 746 142 795 et
152 744 326 814 propterme
340 735 454 795 Coroni
464 734 644 803 irascamini:
665 754 762 813 neque
773 733 930 814 quiequam
943 734 1048 795 horum
1059 733 1200 815 privatum

110 826 228 907 putetis,
241 827 322 905 quod
335 827 427 888 cuivis
441 827 696 907 acciderepotest,
711 827 774 898 sed,
793 827 958 905 cuicunque
972 825 1122 896 acciderit,
1136 844 1201 885 eum

106 921 241 1000 juvatote
251 930 283 979 et-
295 920 374 999 quod
385 919 497 999 justum
511 931 557 981 est
570 921 738 988 tribuitote;
761 927 791 978 et
808 919 914 979 infensi
928 930 1023 980 estote
1037 917 1202 980 homiuibus

110 1020 178 1071 unte
191 1011 321 1073 facinora
333 1013 548 1073 confidentibus
566 1023 597 1073 et
615 1012 784 1086 temerariis,
804 1012 834 1071 in
848 1011 1019 1073 defensioue
1039 1011 1201 1072 facinorum

109 1102 328 1184 impudentibus
350 1114 381 1167 et
398 1106 548 1187 improbis,
562 1107 613 1185 qui
631 1125 728 1185 neque
749 1105 968 1167 existimationis
982 1124 1081 1187 neque
1093 1122 1203 1166 morum

109 1215 204 1275 neque
218 1198 305 1258 ullius
318 1198 359 1258 rei
373 1199 515 1259 rationem
528 1198 648 1270 habent,
663 1199 751 1258 modo
764 1199 883 1278 impune
896 1197 1014 1258 abeant.

153 1290 201 1348 16,
222 1292 263 1350 At
277 1292 452 1372 supplicabit
464 1302 495 1353 et
506 1291 714 1353 lamentabitur
728 1290 843 1352 Conon.
887 1292 1027 1372 Spectata
1039 1310 1123 1365 vero,
1140 1300 1203 1351 ater

110 1385 148 1444 sit
161 1385 361 1458 miserabilior,
373 1387 396 1447 is
410 1406 448 1447 ne
462 1387 512 1466 qui
526 1388 568 1447 ita
581 1397 627 1447 est
639 1386 796 1446 muletatus
805 1395 840 1446 ut
853 1406 909 1466 ego
922 1387 1084 1445 muletatus
1098 1386 1136 1445 ab
1148 1382 1205 1444 isto

110 1496 186 1551 sum,
206 1477 231 1536 si
252 1478 370 1558 insuper
391 1499 458 1539 eum
481 1478 602 1539 infamia
619 1489 650 1540 et
669 1479 780 1539 inultus
800 1498 960 1549 recessero,
981 1498 1020 1538 an
1045 1476 1163 1550 Conon,
1180 1474 1204 1535 si

110 1589 211 1649 poenas
225 1570 361 1630 dederit?
393 1573 499 1631 Utrum
512 1591 583 1632 vero
596 1581 725 1630 vestrum
740 1571 845 1650 cuique
864 1570 994 1652 prodest,
1008 1580 1043 1630 ut
1055 1572 1205 1633 verberare

109 1672 140 1722 et
152 1662 291 1721 insultare
313 1663 412 1736 liceat,
432 1684 469 1723 an
492 1663 690 1724 eontrarium?
723 1664 867 1742 Equidem
880 1664 1058 1725 eontrarium
1073 1662 1204 1724 arbitror.

110 1755 150 1813 llt
163 1755 189 1813 si
203 1754 394 1829 absolveritis,
407 1756 490 1816 multi
502 1757 637 1817 homines
649 1756 774 1836 protervi
794 1767 899 1819 erunt:
921 1757 946 1817 sl
958 1756 1122 1838 punieritis,
1134 1774 1204 1836 pau·

109 1864 210 1906 olores.

152 1940 199 1997 17.
221 1938 318 2000 Multa
336 1958 562 2001 commemorare
573 1960 704 2022 possem,
721 1941 853 2017 Judiees‚
867 1962 955 2023 quam
969 1941 1073 2002 utilem
1086 1958 1205 2023 operum

110 2043 141 2092 at
152 2050 208 2092 nos
220 2051 369 2103 navemus,
382 2041 413 2092 et
434 2043 517 2113 pater
531 2034 603 2093 dum
616 2035 687 2095 vixit
699 2035 822 2107 navarit,
837 2046 900 2096 tum
913 2035 1080 2096 triremibus
1097 2036 1203 2096 iustru-

110 2124 194 2185 endis
215 2135 278 2185 tum
296 2124 448 2187 militando
466 2136 529 2187 tum
548 2127 696 2208 imperatis
719 2122 879 2190 saeiendis:
901 2147 989 2208 quam
1003 2137 1034 2189 et
1046 2129 1104 2189 iste
1116 2138 1147 2189 et
1159 2126 1204 2189 sui

108 2216 192 2276 nihil.
220 2217 278 2278 Sed
292 2238 347 2279 nee
360 2237 446 2299 aquia
457 2219 527 2281 satis
541 2230 595 2294 est,
606 2240 701 2300 neque
710 2242 790 2282 nunu
799 2222 857 2282 hoc
871 2223 976 2302 agitur.
1013 2223 1104 2289 Quod
1117 2224 1203 2282 siau·

107 2310 171 2370 istis
185 2318 216 2370 et
229 2310 388 2372 inutiliores
401 2323 431 2372 et
444 2312 634 2393 improbiores
652 2334 795 2389 essemus,
809 2333 868 2375 non
880 2325 979 2375 mmen
993 2325 1149 2395 propterea
1157 2312 1202 2376 vol

108 2402 279 2462 verberandi
303 2404 349 2463 vel
367 2404 515 2465 afficiendi
535 2407 720 2468 contumeliis
741 2426 881 2468 essemus.
922 2408 991 2467 Non
1013 2408 1103 2468 video
1121 2407 1202 2488 plura

107 2495 207 2646 qlioere
221 2516 361 2574 quorsum
373 2499 513 2558 attineat:
528 2509 600 2579 putu
619 2501 696 2560 enim
714 2521 768 2563 vos
781 2500 852 2562 nihil
866 2522 967 2563 sorum
987 2501 1125 2580 ignorare
1138 2517 1200 2581 que

128 2606 243 2647 rxrmus.
