2662 4792
130 277 191 336 650
488 276 533 336 IN
555 276 809 340 STEPHANUM
828 277 869 338 11.

130 434 308 512 provocatio,
336 434 412 492 sicut
434 432 513 493 sacta
535 451 594 492 nou
620 420 706 495 est*
725 434 950 495 Testantur
975 451 1011 493 se
1045 432 1219 495 affuisse

130 524 235 605 apud
261 525 451 586 arbitrum
477 525 632 597 Tisiam,
653 545 740 586 oum
762 534 1014 607 provocaret
1038 524 1219 585 Phormio

131 615 421 698 Apollodorum
446 626 488 679 ut
512 617 695 698 aperiret
720 618 897 690 tabulas,
923 637 1021 698 quas
1056 616 1220 679 exhibe·

130 711 201 770 bat
229 709 417 789 Amphias
447 710 797 790 Cephisopboutis
834 712 976 784 affinis,
1000 709 1220 790 Apollodo-

129 820 211 861 rum
246 810 377 862 autem
404 822 471 863 eas
499 803 665 882 aperire
695 802 894 864 noluisse.
945 803 977 862 si
1003 804 1045 863 sie
1071 803 1221 863 testificati

126 904 237 965 essent,
261 913 330 953 vera
359 914 426 955 esse
452 894 600 956 testificati
622 892 797 955 riderentur.
850 894 1088 974 Exemplum
1119 904 1219 955 autem

129 1004 221 1046 esse
247 987 482 1047 testamenti
511 985 700 1047 Pasionis
734 1006 779 1047 aa
807 1007 889 1067 quse
925 986 1083 1047 tabuiis
1116 1004 1219 1065 quas

131 1077 316 1138 Phormio
342 1078 580 1139 exhibuerit
607 1079 812 1159 inscripta
835 1080 995 1139 tuerint
1015 1078 1127 1152 testari,
1149 1096 1218 1137 oum

129 1190 184 1231 nec
203 1170 337 1231 affuerint
348 1171 375 1230 ei
387 1181 593 1232 testamentum
606 1171 732 1244 facienti,
745 1190 840 1250 neque
854 1171 948 1232 sciant
960 1190 998 1230 an
1011 1178 1218 1230 testamentum

127 1263 241 1334 fecerit,
257 1283 354 1324 nonne
366 1265 448 1325 vobis
460 1262 575 1326 videtur
589 1262 750 1324 manifestae
767 1283 833 1349 esse
846 1261 1054 1343 impudentiae?

170 1360 199 1416 5.
221 1357 261 1434 At
285 1357 309 1416 si
333 1356 405 1418 dicit
425 1377 457 1417 se
481 1356 656 1416 Phormione
678 1356 839 1416 affirmante
858 1355 976 1415 credere
997 1372 1034 1413 ea
1054 1371 1126 1413 vera
1143 1372 1216 1425 esse,

129 1448 260 1529 ejusdem
281 1449 333 1509 viri
355 1459 402 1510 est
422 1460 451 1509 et
472 1449 592 1510 credere
606 1446 649 1508 illi
666 1467 704 1508 ea
722 1447 887 1526 affirmanti,
900 1458 1042 1525 etparere
1054 1445 1153 1505 dicere
1168 1446 1217 1526 ju·

128 1542 209 1601 beuti
231 1541 438 1601 testimoninm.
480 1541 574 1619 Leges
599 1549 696 1600 autem
716 1559 773 1601 non
792 1541 832 1599 ita
846 1540 1014 1618 loquuntur,
1033 1537 1106 1597 sed
1134 1556 1217 1616 qum

128 1633 240 1707 norit
266 1633 428 1712 aliquis,
452 1641 483 1692 et
505 1634 656 1711 quib'us
680 1631 870 1711 gerendis
893 1630 1217 1703 interfuerit,ea

129 1726 283 1784 testari
305 1723 412 1804 jubent
434 1732 556 1801 atque
575 1722 735 1783 tabulis
762 1722 1008 1794 inscribere,
1030 1731 1064 1782 ut
1087 1723 1217 1784 necsdi·

127 1833 205 1875 mere
225 1814 314 1874 liceat
332 1814 499 1893 quicquam,
514 1833 568 1872 nec
591 1813 699 1872 addere
711 1813 747 1874 iis
771 1833 837 1892 qnae
858 1813 967 1892 scripta
986 1813 1113 1874 fuerint:
1138 1834 1216 1875 rem

125 1924 234 1966 veroe
262 1905 377 1966 vivente
403 1903 586 1965 auditam
610 1903 766 1964 testari
794 1922 854 1964 non
887 1903 996 1975 sinunt,
1029 1905 1083 1964 sed
1116 1905 1216 1965 ede·

125 1997 286 2058 functo:
308 1998 355 2058 de
380 1998 503 2057 rebus
527 1997 621 2056 item
647 1995 796 2074 quibus
824 1994 1030 2056 iuteresse
1051 2015 1129 2056 non
1155 1990 1215 2077 p'o·

124 2089 249 2149 tueris
273 2092 312 2149 e't
333 2108 419 2168 quae
437 2106 604 2168 peregre
629 2096 756 2166 gestae
774 2098 883 2166 sunt,
903 2086 1058 2147 dictum
1078 2088 1216 2148 aliena

125 2181 200 2242 fide
225 2180 509 2242 testimonium
534 2179 850 2241 inscribendum
886 2188 951 2239 est
971 2180 1145 2255 tabulis,
1176 2190 1216 2241 et

123 2275 267 2335 eadem
293 2276 456 2335 notione
475 2283 512 2334 et
536 2273 668 2354 ipsum
697 2271 986 2334 testimonium
1011 2281 1050 2333 et
1076 2273 1217 2335 aliena

122 2367 196 2427 fide
219 2366 372 2427 dietum
398 2365 683 2425 testimonium
718 2363 985 2440 injudicium
1016 2365 1215 2427 adducen-

121 2458 210 2518 dum
236 2468 300 2518 est
322 2456 450 2529 simui,
464 2466 507 2529 nt,
527 2457 552 2516 si
564 2458 593 2515 iu
609 2476 641 2517 se
655 2455 797 2535 receperit
816 2456 840 2515 is
855 2455 905 2534 qui
918 2455 991 2515 dixit
1003 2455 1068 2535 ipae
1084 2457 1215 2519 ωιῑὶωο-

120 2550 212 2623 nium,
224 2550 273 2609 iile
288 2548 429 2609 obnoxius
454 2548 492 2608 sit
511 2547 576 2608 falsi
596 2548 763 2619 testimonii,
778 2547 824 2607 sin
847 2548 877 2606 in
899 2568 931 2607 se
950 2568 1015 2626 non
1030 2550 1182 2629 receperit,
1195 2550 1215 2611 ii

121 2643 172 2722 qui
186 2643 281 2702 aliena
294 2641 352 2700 fide
367 2640 562 2700 testimonium
577 2639 726 2699 dixerunt.
770 2640 829 2698 Sed
845 2641 1022 2720 Stephanus,
1038 2661 1107 2701 oum
1118 2662 1215 2721 neque

119 2736 195 2795 sciat
207 2733 341 2813 an‘pater
356 2741 454 2792 noster
467 2741 674 2791 testamentum
692 2731 847 2809 reliquerit,
862 2752 958 2811 neque
982 2752 1111 2811 nuquam
1131 2735 1213 2795 adhi-

118 2828 196 2886 bitus
209 2827 296 2887 fuerit
308 2844 375 2886 eum
389 2834 580 2905 paternoster
594 2833 800 2884 testamentum
814 2825 934 2896 iaceret,
944 2825 997 2885 sed
1008 2846 1026 2885 e
1037 2826 1214 2887 Phormione

121 2918 254 2994 audierit,
269 2937 330 2979 rem
351 2917 480 2979 auditam
495 2926 541 2976 est
554 2926 677 2978 testatus
696 2935 819 2996 eamque
833 2918 937 2976 salsam
951 2927 981 2976 et
994 2928 1098 2978 contra
1109 2920 1214 2999 legem.

120 3014 196 3082 Qnae
208 3023 243 3075 ut
254 3032 324 3074 vera
336 3031 403 3073 esse
414 3020 537 3085 constet,
551 3011 615 3091 ipsa
628 3009 709 3071 vobis
722 3009 771 3069 lex
786 3009 961 3070 recitabitur.

616 3165 705 3225 LEX.

150 3284 212 3330 Rern
231 3285 331 3332 auditam
344 3290 459 3331 emortuo
474 3282 554 3330 testari
570 3281 654 3329 liceat:
672 3282 826 3331 testimoninm
837 3284 892 3332 item
902 3283 976 3332 aliena
986 3284 1032 3332 fide
1045 3285 1134 3344 dicere,
1143 3288 1173 3334 de
1188 3303 1212 3335 re

116 3365 183 3406 extra
193 3361 294 3407 Atticam
304 3372 371 3422 gestu
380 3367 403 3407 et
413 3360 451 3406 sni
463 3359 576 3405 interesse
591 3375 635 3404 uon
648 3361 759 3419 potueris.

155 3476 187 3531 s.
212 3471 376 3531 Ostendam
391 3481 488 3529 autem
513 3470 607 3542 vobis,
621 3491 688 3531 eum
708 3474 796 3533 etiam
809 3483 912 3533 eontra
930 3473 1017 3532 aliam
1038 3476 1134 3554 legem
1146 3494 1212 3538 esse

114 3562 310 3634 testificatum,
326 3573 360 3622 ut
382 3562 479 3622 sciatis
494 3562 708 3635 Phormionem,
723 3574 756 3623 ut
777 3565 827 3642 qui
850 3584 1022 3642 magnarum
1042 3560 1211 3646 injuriarum

115 3655 314 3718 defensionem
337 3673 396 3713 non
417 3654 548 3726 haberet,
574 3655 788 3734 provocationis
808 3667 952 3734 praetextu
974 3668 1005 3717 et
1029 3664 1129 3738 specie
1148 3682 1211 3722 esse

114 3767 210 3818 usum,
224 3747 321 3825 reipsa
340 3766 409 3806 vero
424 3747 519 3825 ipsum
535 3748 588 3808 sibi
607 3748 717 3809 dixisse
731 3747 938 3822 testimonium,
953 3752 1119 3814 subornatis
1138 3756 1211 3825 istis,

112 3862 166 3923 per
178 3858 252 3921 quos
272 3848 303 3898 et
310 3839 427 3918 judices
441 3839 557 3919 decepti
573 3850 653 3912 sunt,
672 3841 754 3918 quasi
773 3839 814 3898 iiii
827 3860 896 3900 vera
915 3843 1160 3916 testificarentur;
1181 3860 1211 3908 et

112 3954 170 4013 ego
184 3933 286 3994 relicta
299 3950 317 3991 a
329 3941 412 4011 patre
425 3932 549 4007 pecunia
563 3953 628 3992 surn
643 3933 795 4011 spoliatus,
807 3952 862 3992 neo
876 3953 978 4012 poenas
993 3936 1030 3995 de
1044 3938 1131 3998 factis
1142 3939 1209 3999 mihi

112 4027 222 4106 injuriis
236 4044 355 4107 possum
370 4043 494 4085 sumere.
537 4026 637 4105 Ipsum
650 4027 728 4085 enim
747 4028 801 4085 sibi
814 4046 879 4085 esse
894 4036 998 4088 testem
1012 4030 1095 4109 leges
1110 4020 1210 4093 sinu'nt

112 4122 269 4193 neminem,
283 4138 339 4178 nee
353 4117 383 4176 in
397 4116 531 4196 puhlicis,
546 4138 599 4177 nec
614 4119 644 4175 iu
663 4119 784 4197 privatis
798 4120 906 4191 causis,
920 4140 974 4180 nec
996 4121 1027 4179 iu
1049 4126 1209 4185 rationibus

111 4212 280 4272 referendis.
322 4210 459 4270 Phormio
472 4228 540 4268 vero
554 4209 616 4288 ipse
631 4210 685 4269 sibi
700 4211 783 4270 testis
797 4211 861 4283 fuit,
871 4232 937 4272 curn
953 4214 1000 4273 isti
1014 4216 1116 4276 dicant
1130 4239 1162 4279 se
1173 4202 1209 4279 ex

110 4304 162 4361 illo
176 4305 276 4364 audita
290 4304 459 4367 testificatos
472 4322 538 4363 esse
552 4303 627 4363 haec.
674 4305 712 4363 Ut
727 4314 825 4366 autem
842 4325 895 4367 vos
918 4327 977 4368 rem
999 4322 1082 4371 certo
1098 4332 1207 4394 cogno·

105 4395 206 4469 scetis,
222 4396 318 4476 ipsam
332 4396 400 4457 mibi
414 4396 510 4475 legem
522 4395 622 4458 recita.
