2662 4792
189 222 248 329 rio
486 269 700 329 nnvaasus
722 269 974 331 casularum.

189 424 241 483 tim
264 423 291 483 ei
314 423 397 483 datos
420 422 579 494 maluisset,
597 441 684 501 quarn
699 422 729 479 in
742 439 843 480 mensa
856 420 1040 497 relinquere?
1073 420 1138 498 Ego
1158 419 1280 497 quidem

190 514 263 575 illud
277 526 306 574 et
316 515 424 593 justius
438 525 467 574 et
486 513 718 593 magnificentius
737 513 877 573 existimo.
917 513 985 572 Jam
999 532 1065 571 eum
1083 510 1158 571 nihil
1172 512 1281 571 horum

187 607 292 667 fecisse
306 616 430 679 constat,
444 607 566 685 proinde
580 617 611 667 at
631 606 696 666 haec
713 594 805 665 vohis'
815 615 987 683 argumenta
1000 606 1075 673 sint;
1097 605 1152 665 sed
1173 602 1282 683 Cephi-

189 699 278 758 siadae
292 707 322 758 et
335 698 515 777 inscripsisse
528 711 558 758 et
573 698 656 759 reddi
669 698 800 773 jussisse.

228 793 257 849 8.
280 789 357 849 Illud
374 791 460 850 etiam
474 791 664 863 considerate,
679 792 696 849 J
701 790 811 863 udices,
827 790 991 869 Callippum
1007 789 1097 849 fuisse
1110 788 1206 849 civem
1225 806 1280 847 no·

189 891 292 954 atrurn,
309 882 345 941 iis
366 881 524 959 pollentem
542 882 656 961 opibus,
675 894 709 941 ut
732 893 886 960 utrumque
900 895 931 941 et
942 881 1017 940 male
1031 892 1062 940 et
1082 881 1161 939 bene
1181 878 1280 939 facere

187 983 297 1053 posset,
317 973 522 1052 Cephisiadem
541 985 640 1034 autem
654 982 684 1033 et
696 974 867 1051 inquilinum
884 982 915 1032 et
928 972 1061 1051 inopem:
1082 990 1177 1049 quare
1196 980 1280 1049 pater

190 1065 306 1124 minime
329 1075 430 1125 contra
446 1065 495 1145 jus
515 1077 545 1126 et
561 1085 678 1144 aequum
696 1066 738 1124 illi
752 1068 847 1126 favere
865 1085 952 1144 quam
971 1064 1017 1124 isti
1038 1074 1182 1143 praestare
1200 1058 1279 1141 quod

189 1176 302 1237 aequum
313 1169 392 1216 esset
403 1158 562 1218 maluisset.

229 1250 258 1306 9.
280 1249 321 1308 At
333 1249 449 1308 hercule
466 1249 545 1310 dicet
562 1250 697 1321 tortasse,
716 1260 827 1328 patrem
848 1268 944 1308 meum
963 1247 1096 1325 privatim
1112 1247 1223 1327 aliquid
1242 1246 1279 1307 de

189 1350 310 1419 argento
325 1342 511 1402 emolumenti
526 1342 707 1421 percepisse;
729 1351 937 1421 proptereaque
949 1339 1044 1397 animo
1057 1338 1088 1396 in
1098 1339 1182 1397 illum
1192 1357 1278 1418 quam

189 1434 219 1493 in
234 1452 264 1493 se
280 1432 368 1494 fuisse
382 1434 577 1513 propensiore.
617 1434 700 1493 ltane
714 1453 782 1493 vero
801 1432 925 1511 primum
945 1450 962 1490 a
983 1451 1042 1508 quo
1058 1430 1151 1509 duplo
1171 1432 1277 1511 majore

190 1545 277 1604 quam
298 1525 330 1584 id
350 1526 487 1587 lucellum
505 1535 585 1585 esset
602 1526 678 1585 affici
690 1525 803 1585 damno
816 1536 925 1604 posset,
944 1524 971 1582 ei
988 1523 1115 1583 faciebat
1126 1523 1279 1600 injuriaml

191 1618 298 1676 deinde
313 1619 342 1677 in
356 1639 390 1678 eo
404 1618 537 1679 sordidus
552 1628 581 1678 et
594 1618 685 1696 turpis
700 1618 772 1676 lueri
784 1617 905 1695 cupidus
920 1626 990 1687 erat,
1005 1615 1033 1674 in
1048 1616 1165 1676 tributis
1175 1626 1207 1675 et
1217 1634 1276 1675 mu·

190 1708 305 1768 neribus
325 1710 451 1788 publicis
470 1719 500 1769 et
522 1707 721 1788 largitionibus
743 1729 801 1768 non
823 1709 911 1769 item?
946 1709 1022 1766 Cum
1043 1707 1152 1786 hospiti
1174 1706 1277 1767 nemini

189 1801 297 1859 faceret
319 1802 462 1881 injuriam,
477 1801 611 1881 Collippo
632 1801 764 1860 faceret?
792 1803 867 1861 Cum
890 1802 927 1872 ei,
948 1810 982 1858 ut
1009 1798 1059 1871 ait,
1076 1799 1277 1880 jusjurandum

189 1889 325 1950 detulerit
345 1902 482 1970 tanquam
496 1894 573 1951 bono
592 1891 652 1951 viro
674 1902 704 1951 et
726 1892 838 1950 nullum
858 1892 971 1951 dicturo
990 1890 1187 1965 mendacium,
1203 1910 1278 1951 nuno

189 1992 326 2060 tanquam
348 1982 384 2042 de
402 1983 532 2063 improbo
546 1997 577 2042 et
597 1983 728 2062 deposita
741 1983 945 2043 intervertente
958 1985 1047 2043 verba
1059 1983 1152 2043 facit?
1185 2002 1277 2045 nonna

189 2094 258 2134 vero
272 2095 337 2134 curn
357 2096 410 2135 nec
428 2077 525 2156 jurare
540 2075 636 2149 vellet,
650 2085 683 2135 ut
695 2076 748 2135 iste
763 2075 842 2148 dicit,
856 2095 949 2153 neque
967 2075 1123 2153 pecuniam
1136 2075 1278 2149 redderet,

191 2168 287 2228 statim
311 2168 466 2228 damnatus
484 2167 582 2228 esset?
613 2168 669 2226 Cui
686 2168 849 2228 verisimilia
867 2167 941 2227 fiant
962 2167 1029 2240 ista,
1049 2168 1196 2229 Judieesl
1216 2168 1278 2249 Ego
1304 2230 1307 2235 ,

191 2260 309 2340 quidem
321 2262 429 2321 nemini
448 2263 559 2342 opinor.
600 2261 684 2321 Itane
706 2260 905 2322 Archebiades
926 2279 962 2319 eo
979 2260 1057 2321 venit
1078 2259 1278 2340 improbitatis,

189 2364 223 2412 ut
237 2351 267 2412 in
283 2353 458 2433 Callippum,
480 2364 510 2413 et
529 2353 697 2432 popularem
711 2373 795 2412 suum
814 2362 844 2411 et
865 2354 894 2412 in
912 2351 1061 2431 republica
1074 2365 1238 2413 versantem
1250 2361 1280 2413 et

189 2466 249 2505 non
262 2446 404 2524 privatum
416 2445 573 2518 hominem,
588 2445 782 2505 testimonium
803 2444 890 2516 dicat,
904 2457 935 2505 et
955 2465 1008 2505 nos
1022 2464 1124 2504 verum
1142 2446 1221 2525 loqui
1234 2464 1279 2505 as·

190 2547 277 2604 serat,
291 2537 379 2594 istum
393 2546 490 2594 autem
508 2537 640 2596 mentiri:
662 2538 822 2615 praesertim
836 2557 902 2595 curn
919 2538 1003 2610 sciat,
1017 2538 1041 2596 si
1055 2538 1112 2597 iste
1125 2538 1190 2598 falsi
1204 2538 1280 2598 testi·

190 2628 279 2685 monii
293 2646 372 2684 reum
391 2627 486 2685 facere
504 2637 534 2685 et
556 2628 626 2686 nihil
648 2627 726 2685 aliud
744 2627 799 2684 nisi
814 2641 997 2687 sacramento
1018 2629 1138 2706 adigere
1152 2629 1280 2700 voluerit,

189 2738 310 2777 necesse
324 2718 379 2776 sibi
394 2718 454 2776 sore
467 2717 497 2775 id
510 2718 579 2776 dare
590 2718 805 2797 jusjurandum,
819 2720 899 2794 quod
917 2720 970 2778 iste
981 2721 1113 2799 jusserit.
1157 2722 1279 2792 Deinde,

190 2821 223 2869 ut
246 2810 434 2889 Cephisiades
460 2830 591 2869 nummos
616 2810 731 2881 habeat,
754 2810 842 2868 horno
865 2811 1033 2890 inquilinus,
1058 2823 1109 2870 aut
1134 2814 1281 2888 Phormio,

190 2925 276 2983 quern
292 2904 344 2962 iste
367 2904 476 2981 aliquid
494 2904 530 2963 de
551 2922 664 2962 summa
685 2903 826 2961 delevisse
849 2903 928 2976 dicit,
942 2905 1023 2963 vobis
1048 2909 1279 2982 persuadebitur,

189 2998 382 3078 pejeraturum
392 2996 627 3056 Archebiademl
658 2996 781 3053 Minime
801 2995 831 3053 id
850 2996 967 3073 quidem
983 3009 1212 3058 consentaneum
1227 3008 1280 3071 est,

190 3091 322 3151 Judiees.
365 3090 468 3168 Neque
490 3090 566 3149 enim
590 3089 676 3148 ullius
700 3087 888 3167 improbitatis
913 3089 1156 3152 condemnandus
1172 3105 1221 3152 -est
1234 3092 1279 3152 vel

190 3183 397 3254 Arehebiades‚
413 3184 459 3241 vel
481 3202 585 3261 parens
606 3191 721 3255 noster3
751 3180 846 3238 multis
863 3182 939 3239 enim
962 3183 1168 3260 experimentis
1186 3186 1279 3245 edocti

189 3275 268 3344 estiS,
282 3295 347 3333 eum
361 3276 454 3334 laudis
467 3286 496 3335 et
507 3276 604 3354 gloriae
615 3275 701 3333 fuisse
712 3275 949 3352 appetentiorern,
964 3297 1050 3353 quam
1063 3291 1096 3337 ut
1106 3280 1218 3356 aliquid
1229 3280 1280 3337 im-

189 3368 312 3444 probum
325 3379 354 3425 et
365 3367 539 3445 flagitiosum
553 3367 650 3425 studio
664 3367 717 3425 sibi
729 3367 857 3439 haberet,
872 3388 964 3445 neque
978 3389 1048 3445 erga
1058 3371 1227 3450 Callippum
1242 3371 1280 3429 ita

190 3456 336 3528 affectum,
354 3470 386 3515 ut
408 3477 473 3515 eum
494 3458 553 3516 ulla
576 3478 626 3536 por
646 3468 844 3537 contemptum
870 3459 972 3532 injurio
996 3458 1159 3520 affecisset:
1188 3483 1279 3540 neque

191 3551 267 3607 enirn
282 3562 339 3607 tam
356 3560 456 3609 tenues
470 3551 532 3628 ejus
549 3571 619 3629 opes
635 3551 703 3609 mihi
724 3572 789 3610 esse
810 3552 954 3622 videntur,
971 3560 1003 3610 ut
1024 3553 1109 3612 facile
1134 3556 1278 3615 contemni

188 3642 289 3721 possit,
302 3642 350 3720 qui
362 3652 474 3699 tanturn
486 3642 574 3714 valet,
595 3654 627 3701 ut
647 3663 724 3702 anno
746 3643 893 3721 superiore
913 3643 967 3701 hac
986 3645 1102 3704 actione
1117 3658 1225 3711 contra
1234 3667 1276 3707 me

188 3726 330 3804 instituta,
346 3753 411 3791 cum
433 3754 451 3791 a
469 3753 515 3791 me
534 3736 712 3812 postulasset
734 3746 767 3794 ut
790 3737 936 3811 arbitrium
956 3736 1114 3814 Lysithidoe
1128 3739 1277 3810 deferrem,

188 3847 244 3906 ego
257 3846 430 3904 quamquam
443 3837 627 3904 contemptus
642 3831 678 3886 ab
693 3847 727 3886 eo
750 3828 779 3885 in
792 3848 827 3886 oa
846 3848 876 3886 re
897 3828 966 3885 mihi
984 3838 1062 3888 recte
1076 3832 1277 3902 consuluerim,

189 3941 226 3981 ex
248 3919 344 3999 legum
359 3919 435 3976 enim
456 3919 624 3997 praescripto
639 3920 786 3978 arbitrium
811 3918 902 3977 detuli
923 3931 952 3977 ct
970 3920 1054 3978 retuli
1070 3922 1107 3980 ad
1126 3925 1277 4001 magistra·

187 4025 268 4081 tum;
291 4013 342 4072 iste
356 4032 424 4071 vero
438 4011 543 4069 arbitro
557 4011 654 4089 legum
669 4014 841 4072 auctoritate
857 4011 1009 4089 designato
1029 4015 1177 4092 persuasit
1193 4025 1225 4072 ut
1236 4015 1277 4072 in·

180 4106 296 4184 juratus
310 4105 502 4174 arbitraretur,
524 4122 571 4161 me
591 4105 762 4164 testificante
778 4115 809 4162 ut
822 4125 858 4162 ex
872 4106 1040 4185 praescripto
1055 4106 1154 4184 legum
1163 4107 1276 4185 juratus

184 4200 397 4277 pronunciaret,
410 4196 440 4255 id
454 4205 550 4253 autem
566 4195 717 4274 Callippus
731 4198 761 4254 in
776 4216 810 4254 eo
825 4198 964 4276 spectavit
978 4209 1009 4256 ut
1023 4197 1101 4276 apud
1116 4218 1170 4258 vos
1186 4199 1277 4257 dicore

184 4303 291 4365 posset,
305 4292 392 4351 etiam
410 4288 593 4368 Lysithidem
606 4288 700 4347 virum
713 4291 822 4348 bonurn
837 4300 866 4346 et
886 4288 1041 4349 honestum
1058 4290 1096 4348 de
1110 4311 1203 4350 causa
1216 4310 1277 4369 pro·

185 4383 348 4442 nunciasse.
390 4382 553 4461 Lysithides
575 4381 662 4455 enirn,
685 4382 816 4455 ludices,
837 4372 908 4441 dum
928 4392 1009 4461 pater
1022 4382 1148 4454 vivebat,
1169 4396 1199 4443 et
1217 4385 1276 4443 sine
