2662 4792
178 268 236 327 608
464 264 683 329 ADVERSUS
702 260 971 326 PHAENIPPUM.

580 558 864 620 DECLARATIO.

217 703 246 761 9.
267 701 392 775 Auditis,
418 702 550 775 Judices,
577 702 730 783 Pamphilo
756 700 902 779 inquitet
926 697 1057 758 Philoleo
1078 696 1267 759 Rhamnusiis

179 795 370 854 communiter
383 795 525 854 talentum
540 815 577 854 ex
589 795 680 853 fundo
694 794 798 866 debeo,
813 802 842 852 et
858 791 988 851 Aiacidae
1002 790 1143 870 Phlyensi
1165 801 1268 870 quater
1298 859 1302 867 ‚

177 885 256 945 mille
280 886 444 959 drachmas,
464 897 494 946 et
515 888 692 947 Aristomeni
716 885 899 966 Anagyrasio
921 882 1141 963 quatuordecim
1164 884 1268 945 minas.

178 978 374 1047 Quamobrem
393 979 491 1058 igitur,
505 980 677 1060 Phaenippe,
691 998 757 1039 cum
772 995 829 1056 ego
849 976 973 1036 testibus
988 975 1123 1037 adductis
1137 986 1166 1036 te
1179 977 1268 1037 inter·

176 1090 320 1151 rogarem,
334 1072 468 1150 nunquid
490 1073 610 1133 deberes
634 1081 751 1151 propter
769 1069 912 1140 fundum,¹
926 1079 956 1128 et
970 1069 1101 1149 juberem
1116 1070 1269 1130 ostendere

176 1162 291 1223 libellos
305 1164 417 1224 indices
438 1165 463 1224 si
484 1166 535 1244 qui
553 1166 629 1225 forte
644 1164 790 1235 adessent,
804 1172 834 1222 et
847 1172 939 1222 testes
955 1162 1132 1236 adhiberem,
1150 1182 1189 1223 ne
1200 1162 1271 1223 mihi

177 1266 281 1335 postea¹
294 1256 385 1317 fictitii
403 1258 560 1317 creditores
575 1258 759 1327 exsisterent,
776 1267 836 1315 tum
850 1255 961 1314 nullum
975 1275 1016 1314 aes
1030 1255 1157 1314 alienum
1172 1255 1271 1317 decla-

177 1349 267 1408 rasti:
288 1359 441 1428 postquam
460 1362 558 1411 autem
579 1351 710 1414 secundo
731 1369 833 1409 mense
847 1348 916 1408 mihi
935 1348 1162 1409 declarationem
1182 1348 1271 1409 tradi·

179 1439 257 1513 disti,
271 1440 337 1521 lege
347 1442 470 1521 jubente
492 1443 523 1502 id
542 1443 618 1504 intra
636 1443 765 1503 triduum
784 1442 855 1514 fieri,
869 1461 948 1502 nunc
969 1441 1091 1501 veniunt
1103 1440 1271 1513 creditores,

179 1543 210 1594 et
222 1554 263 1593 aes
277 1534 402 1593 alienum
413 1535 535 1614 amplius
547 1536 630 1596 trium
642 1535 839 1596 talentorum?
860 1534 947 1604 Quia,
955 1535 1033 1593 bone
1045 1533 1098 1605 vir,
1108 1532 1180 1592 nihil
1193 1533 1273 1594 aliud

179 1626 278 1697 struis,
292 1626 346 1685 nisi
360 1637 392 1685 ut
404 1638 544 1706 quantum
558 1646 614 1707 ego
632 1629 752 1707 publice
773 1627 875 1686 aerario
889 1627 993 1697 debeo,
1007 1626 1182 1685 tantundem
1197 1636 1228 1687 et
1240 1637 1274 1687 tu

178 1720 311 1799 privatim
326 1720 447 1779 debeas.
485 1720 606 1780 Mentiri
621 1731 650 1780 te
665 1731 775 1792 autem,
790 1719 961 1799 Phaenippe,
973 1729 1082 1794 etcum
1096 1720 1221 1799 perjurio
1235 1720 1275 1781 ad

180 1811 234 1870 hos
249 1811 358 1882 venire,
375 1820 405 1871 te
429 1811 579 1871 manifeste
600 1812 784 1872 convincam.
826 1810 907 1891 Cape
929 1811 1008 1881 mihi,
1025 1809 1131 1883 scriba,
1144 1810 1275 1872 Aiacidae

181 1913 211 1963 et
223 1903 369 1963 Theotelis
384 1904 592 1977 testimonium,
606 1905 710 1982 quibus
725 1904 780 1963 iste
796 1925 828 1964 se
844 1914 947 1983 quater
961 1903 1039 1963 mille
1053 1903 1209 1965 drachmas
1224 1905 1275 1965 de-

180 1996 248 2054 bere
261 1994 335 2054 falso
348 1996 503 2076 inscripsit,
517 2007 604 2076 atque
617 1997 688 2057 olim
701 1996 837 2071 reddidit,
851 2017 911 2057 non
925 1996 1014 2070 ultro,
1027 1996 1080 2056 sed
1095 1996 1209 2076 judicio
1223 1999 1276 2059 da·

183 2100 311 2150 mnatus.
352 2089 466 2150 Recita.

575 2310 879 2371 TESTIMONIUM.

227 2445 275 2511 10,
297 2452 420 2522 Eumne,
433 2452 564 2526 Judices,
577 2453 626 2531 qui
640 2453 682 2512 ita
693 2453 789 2532 palam
805 2453 835 2511 in
854 2452 988 2512 omnibus
1009 2452 1116 2533 injuste
1139 2454 1208 2515 lecit
1226 2454 1277 2516 de·
1295 2494 1299 2503 -

183 2543 380 2616 cierationem,
393 2544 442 2621 qui
464 2565 558 2623 neque
580 2545 679 2622 legum
698 2545 789 2604 ullam
812 2544 953 2604 rationem
967 2546 1079 2617 habuit,
1095 2568 1162 2626 quae
1175 2548 1280 2608 diffini·

182 2646 268 2696 erunt
283 2637 358 2696 intra
376 2657 443 2716 quoe
460 2648 591 2717 tempora
612 2637 769 2697 declaratio
789 2638 922 2697 facienda
935 2639 982 2710 sit,
996 2659 1089 2716 neque
1103 2639 1280 2719 privatarum

184 2729 364 2807 pactionum,
387 2749 461 2807 quas
482 2751 565 2808 seque
585 2731 683 2789 firmas
705 2729 918 2797 existimamus3
948 2741 1099 2809 praeterea,
1122 2732 1173 2811 qui
1195 2735 1280 2812 signa

184 2822 365 2881 conclavium
381 2824 503 2902 aperuit,
515 2834 546 2883 et
555 2824 732 2882 frumentum
747 2822 834 2881 domo
846 2824 1009 2902 exportavit
1022 2834 1052 2883 et
1064 2824 1179 2894 viuum;
1192 2836 1281 2905 atque

186 2914 303 2994 insuper
326 2915 476 2975 materiam
497 2917 670 2975 aestimatam
693 2924 759 2993 post
780 2917 1021 2994 permutationem
1044 2915 1186 2988 vendidit,
1213 2936 1280 2995 quae

186 3008 278 3087 pluris
291 3029 379 3087 quam
393 3008 512 3088 triginta
525 3008 666 3066 minarum
681 3008 750 3075 fuit;
772 3018 802 3066 et
816 3008 895 3086 quod
911 3009 1039 3067 omnium
1057 3008 1226 3081 maximum,
1240 3029 1280 3069 aes

186 3101 314 3161 alienum
328 3113 508 3162 commentus
522 3112 567 3162 est
580 3100 801 3181 permutationis
813 3101 921 3180 gratia:
943 3121 1008 3163 eum
1018 3107 1099 3176 juste
1112 3100 1216 3161 fecisse
1230 3102 1282 3163 de·

188 3195 374 3256 cierationem
385 3182 630 3276 pronunciabitis?
657 3192 777 3254 Minime
791 3214 869 3266 vero,
884 3195 901 3254 J
905 3194 1015 3255 udices.
1048 3195 1115 3262 Quo
1129 3194 1205 3254 enim
1218 3215 1280 3255 ver·

189 3296 250 3346 tere
261 3308 292 3348 se
300 3288 448 3347 debebitis
459 3289 507 3348 cui
515 3289 544 3347 in
556 3288 702 3347 sententia
712 3298 809 3346 vestra
822 3288 950 3367 praesidii
963 3287 1033 3346 nihil
1045 3288 1108 3359 erit,
1118 3288 1142 3347 si
1150 3287 1281 3348 homines

188 3377 293 3437 divites
308 3389 337 3438 et
352 3399 501 3456 nunqnam
515 3378 551 3437 de
565 3379 648 3437 vobis
662 3380 854 3451 benemeriti,
868 3379 992 3438 multum
1008 3390 1038 3439 et
1050 3379 1169 3459 frugum
1182 3392 1213 3441 et
1225 3381 1283 3440 vini

189 3470 390 3548 percipientes,
404 3471 492 3548 idque
515 3470 602 3549 triplo
618 3471 708 3549 pluris
729 3492 816 3549 quam
838 3471 917 3551 prius
938 3472 1144 3544 distrahentes,
1165 3473 1282 3533 meliore

189 3559 298 3619 suerint
318 3562 396 3642 apud
410 3581 461 3621 vos
478 3562 662 3622 conditione?
684 3565 772 3632 Quod
792 3565 907 3624 minime
928 3586 1006 3624 nunc
1025 3567 1086 3625 fieri
1106 3566 1208 3627 debet:
1230 3566 1283 3626 sed

191 3654 437 3732 quemadmodum
445 3656 561 3735 publice
567 3657 685 3735 juvistis
697 3676 798 3716 omnes
809 3677 859 3716 eos
870 3659 958 3735 quiin
969 3659 1075 3718 fodinis
1086 3659 1231 3730 laborant,
1243 3660 1283 3720 sic

191 3756 222 3805 et
235 3747 365 3826 privatim
383 3767 428 3805 me
439 3750 570 3825 juvatote
585 3770 674 3808 nunc.
717 3750 841 3822 Etenim,
856 3751 879 3809 si
894 3771 1003 3822 servus,
1017 3772 1076 3810 non
1091 3753 1163 3812 civis
1177 3764 1285 3828 vester,

191 3859 297 3912 essem,
320 3840 382 3898 visa
401 3838 544 3899 industria
567 3862 632 3901 mea
654 3853 685 3901 et
709 3841 805 3901 studio
831 3862 901 3920 erga
920 3863 982 3916 vos,
1005 3843 1215 3904 sublevassetis
1238 3865 1285 3906 me

191 3934 362 4013 sumptibus,
381 3942 411 3992 et
430 3934 553 4013 aliquem
572 3935 658 3994 alium
680 3936 832 4015 fugitivum
848 3937 1156 4015 comprehendissetis;
1179 3939 1285 4000 eodem

193 4026 291 4096 modo,
306 4025 354 4085 ubi
368 4026 422 4085 tria
435 4028 544 4086 talenta
565 4028 678 4087 solvero
692 4049 756 4107 quae
773 4029 876 4101 debeo,
892 4039 920 4088 et
933 4030 1008 4089 vires
1023 4050 1209 4110 recuperato,
1223 4052 1286 4093 rur-

194 4138 243 4178 sus
258 4119 407 4179 sublevato
420 4119 588 4178 calamitoso
604 4120 710 4199 aliquo,
725 4118 763 4179 ad
776 4141 822 4180 me
836 4141 952 4200 quoque
967 4124 1101 4182 venietis:
1124 4144 1203 4185 nunc
1217 4146 1286 4193 vero

193 4231 239 4269 me
254 4214 375 4273 missum
393 4223 426 4272 ut
447 4212 571 4284 faciatis,
585 4231 686 4272 omnes
701 4235 754 4274 vos
768 4235 829 4289 oro,
843 4216 973 4289 Judices,
988 4228 1028 4289 et,
1042 4237 1109 4276 cum
1131 4238 1219 4298 sequa
1242 4220 1287 4280 di·

193 4304 293 4374 xerim,
306 4326 407 4384 precor
421 4316 455 4365 ut
464 4326 513 4366 me
522 4305 643 4384 juvetis,
654 4315 684 4366 et
696 4309 733 4368 ab
747 4308 809 4368 istis
823 4309 961 4388 exagitari
973 4330 1009 4369 ne
1022 4311 1183 4388 patiamini.
