2662 4792
116 300 176 359 ⁷16
388 298 607 359 ADVERSUS
630 294 940 357 Nicostratum.

585 588 749 653 TESTES.

118 734 266 797 Praeterea
283 752 320 795 ex
332 734 517 815 bis-'quoque
536 731 892 815 commutassemus
903 749 969 791 esse
981 728 1210 791 homines-istan

118 827 241 895 Quoties
254 827 301 888 vel
321 826 450 907 pomaria
470 829 668 899 redemerunt,
682 828 729 888 rel
748 844 870 886 messem
882 824 1091 885 demetendam
1104 824 1213 885 eondu-

116 928 232 991 xerunt,
244 919 293 981 vel
306 920 427 999 aliquod
440 918 521 981 uliud
534 922 674 981 rusticum
693 938 768 1001 opus
781 918 996 980 conficiendum
1010 926 1213 1001 susceperuut.

117 1012 291 1073 Arethusia!
302 1031 358 1093 pro
377 1014 418 1074 eis
436 1026 467 1074 et
480 1013 551 1075 emit
564 1025 595 1074 et
606 1010 760 1075 conduxit.
800 1013 877 1082 Quas
888 1013 1215 1094 versessaatipsrax

115 1103 241 1166 testibus
253 1105 388 1167 audietis.

582 1262 745 1323 TESTES.

157 1396 361 1479 7.··Quu'rrtttm
374 1396 471 1477 agitur
492 1394 666 1456 testimoniis
679 1392 950 1472 ostendere·'-potui,
975 1389 1128 1451 cremasti
1144 1402 1216 1451 'esse

117 1488 265 1570 mancipia
277 1490 349 1562 istu,¹
358 1508 395 1550 aa
407 1488 487 1550 vobis
501 1487 661 1569 explicavi:
681 1487 778 1547 dicam
791 1496 896 1546 autem-
913 1484 999 1545 edam
1016 1483 1059 1543 de
1075 1500 1218 1564 provoca·

118 1580 209 1657 tione,
219 1590 281 1661 qua
293 1589 324 1641 et
336 1580 385 1640 isti
399 1598 456 1653 me,
470 1586 501 1641 'et
519 1600 576 1660 ego
594 1580 666 1640 istos
687 1578 853 1659 provocavi.
897 1576 959 1649 Isti,
971 1584 1045 1637 cum'·
1061 1574 1158 1655 prims
1177 1574 1219 1635 in·

117 1673 236 1753 quiiitio
249 1675 346 1746 fieret,
356 1675 569 1754 profitebantur
582 1693 615 1733 se
638 1680 757 1753 paratos
778 1690 844 1732 esse
858 1671 919 1751 ipsi
937 1668 1007 1729 mibi
1030 1670 1179 1751 mancipia
1189 1668 1219 1729 in

117 1766 312 1845 questionem
326 1766 405 1837 dare,
420 1786 456 1828 eo
469 1766 591 1826 oonsilio
605 1777 638 1825 ut
650 1766 682 1826 id
695 1765 749 1825 sibi
760 1764 910 1845 quoddam
919 1763 1121 1824 testimonium
1130 1772 1219 1823 esset

119 1858 184 1938 Ego
198 1864 268 1917 ve'ro
281 1857 324 1918 eis
338 1876 437 1918 coram
454 1860 579 1919 testibus
593 1858 740 1936 respondi,
754 1876 802 1916 me
815 1866 949 1937 paratum
963 1874 1027 1916 esse
1041 1856 1083 1915 ire
1096 1866 1166 1916 aum
1179 1854 1219 1916 eis

118 1950 157 2010 ad
172 1952 317 2023 senatum,
331 1959 361 2009 et
381 1951 514 2029 accipere
533 1968 601 2008 cum
619 1948 716 2008 bo'rel
729 1966 798 2008 eum
811 1946 949 2007 x1·viris:
971 1966 1040 2007 nam
1063 1949 1090 2008 si
1101 1949 1220 2028 'privato

113 2043 229 2122 judicio
241 2041 367 2105 cumeis
381 2060 509 2121 agerem,
522 2048 575 2100 aut
587 2041 643 2119 ipsi
657 2040 773 2101 eamrlri
786 2041 944 2111 traderent,
960 2060 1008 2100 me
1031 2050 1219 2121 acceptatum

118 2134 211 2194 luisse
220 2153 230 2202 3
240 2147 331 2194 nuuc
342 2133 455 2212 reipub.
470 2151 534 2192 esse
547 2140 579 2191 et
588 2132 733 2211 mancipia
745 2143 775 2192 et
787 2132 1021 2212 descriptionem,
1030 2134 1220 2212 questiones

118 2225 337 2307 igitur'publi'oe
347 2224 503 2285 'b'abendas
522 2242 600 2286 asse.
643 2224 750 2305 Neque
768 2226 846 2285 enim
859 2225 966 2285 decere
978 2227 1121 2304 putabam
1134 2246 1153 2287 a
1165 2242 1220 2299 rua,

118 2318 374 2399 bonne-privam,
396 2318 530 2399 publicos
549 2337 648 2379 servos
665 2318 811 2399 torqueri:
833 2339 929 2398 neque
949 2318 1026 2378 enim
1043 2320 1220 2397 quaestiones

119 2408 404 2492 imissa-'potestate
420 2421 514 2485 erant,
538 2430 634 2492 neque
658 2413 899 2474 committendum
918 2422 952 2472 ut
974 2413 1011 2472 de
1027 2411 1065 2473 iis
1084 2430 1153 2493 quaa
1173 2412 1219 2475 isti

119 2505 254 2566 dixerant
268 2524 325 2585 ego
337 2514 496 2566 statuerem
514 2506 693 2566 arbitrabar:
714 2506 767 2566 sed
784 2508 840 2567 vel·
852 2526 871 2566 a
886 2507 1058 2586 magistratu
1072 2507 1120 2567 vel
1134 2528 1153 2567 a
1170 2506 1220 2567 dc·

118 2598 203 2659 lectis
218 2619 236 2657 a
250 2606 353 2657 senatu
368 2597 454 2657 scribi
472 2608 615 2676 oportere,
635 2607 666 2656 et
682 2599 851 2677 obsignatas
871 2601 1059 2679 quaestiones,
1080 2599 1219 2680 quicquid

118 2688 252 2750 homines
274 2687 426 2761 dixissent,
444 2688 594 2768 judicibus
617 2689 733 2759 offerri:
756 2703 789 2749 ut
812 2691 868 2750 illis
894 2693 1011 2765 auditis,
1033 2695 1115 2770 quod
1139 2692 1218 2754 vobis

118 2782 274 2854 videretur,
289 2781 494 2842 decerneretis.
518 2783 594 2841 Nam
609 2783 633 2842 si
646 2783 779 2843 homines
793 2784 928 2862 privatim
943 2804 960 2844 a
974 2804 1021 2844 me
1035 2786 1104 2846 torti
1113 2795 1218 2857 essent,

119 2871 162 2933 illi
174 2871 310 2933 omnibus
326 2871 588 2933 contradixissent:
616 2873 659 2933 sin
681 2874 808 2953 publice,
822 2895 876 2935 nos
890 2876 1092 2950 tacuissemus,
1108 2879 1163 2939 sed
1176 2876 1219 2938 rel

119 2964 308 3047 magistratus
320 2964 367 3025 vel
381 2962 489 3025 delecti
511 2986 530 3026 a
548 2976 652 3026 senatu
669 2968 768 3047 quoad
783 2968 823 3027 eis
839 2969 931 3027 visum
950 2980 1030 3029 esset
1043 2972 1218 3049 quaestiones

119 3059 299 3121 habuissent.
342 3059 416 3128 Quoe
434 3076 501 3118 cum
523 3078 580 3140 ego
592 3059 709 3132 vellem,
725 3059 771 3120 isti
795 3081 826 3120 se
849 3061 1032 3140 magistratui
1047 3082 1149 3124 servos
1164 3073 1218 3124 ua·

121 3148 404 3232 ditur'os‘negabant,
419 3170 519 3229 neque
530 3152 559 3211 in
576 3163 710 3213 senatum
731 3153 812 3232 sequi
828 3174 874 3211 me
887 3153 1036 3214 volebant.
1080 3156 1122 3216 Ut
1134 3156 1218 3237 igitur

119 3244 184 3304 haec
198 3265 216 3305 a
230 3264 357 3305 movere
370 3243 429 3303 dici
442 3254 567 3317 constet,
580 3258 653 3306 voca
667 3246 736 3306 mihi
749 3247 854 3306 horum
865 3256 965 3306 testes.

587 3468 748 3535 TESTES.

138 3638 141 3645 ·
157 3615 187 3670 8.
197 3612 273 3672 ···Ets'i
281 3610 378 3672 autem
385 3614 486 3674 multis
495 3616 592 3676 modis
603 3617 869 3697 impudentes'mihi
883 3617 1030 3697 videntur,
1041 3619 1093 3698 qui
1105 3639 1144 3680 aa
1153 3638 1217 3700 quse

118 3716 213 3768 vmtra
235 3715 304 3765 sunt
322 3704 376 3765 sibi
395 3705 559 3777 vendicent,
573 3720 673 3770 tamen
689 3712 740 3790 qui
758 3711 817 3770 sint
835 3730 856 3770 e
876 3710 991 3790 iegibus
1011 3711 1115 3771 vestris
1129 3713 1176 3772 vel
1189 3713 1217 3771 in

118 3799 216 3881 primis
230 3797 388 3878 apparebit.
432 3798 493 3869 isti,
509 3818 577 3860 cum
595 3801 711 3882 judices
731 3802 836 3882 capitis
851 3802 1015 3864 damnaturi
1029 3816 1130 3864 essent
1148 3806 1218 3864 Are·

117 3891 256 3962 thusium,
266 3891 461 3970 precabantur
475 3909 526 3950 eos
541 3902 575 3951 ut
586 3895 782 3973 pecuniariam
799 3896 938 3955 mulctam
952 3896 1120 3975 infligerent
1130 3907 1160 3957 et
1174 3917 1218 3956 me

118 3995 152 4045 ut
164 3983 372 4066 permitterem,
386 4002 474 4062 seque
486 4002 545 4044 una
556 3987 704 4047 soluturos
715 3987 935 4066 pollicebantur.
980 3990 1107 4050 Tantum
1123 3999 1221 4050 autem

118 4080 202 4138 abest
215 4088 248 4138 ut
262 4086 400 4158 praestent
410 4096 477 4156 quaa
487 4078 719 4157 spoponderunt,
731 4092 764 4140 ut
774 4090 871 4140 vestra
885 4083 972 4141 etiarn
987 4082 1041 4142 sibi
1051 4082 1218 4143 vendicent.

117 4168 207 4247 Atqui
221 4171 302 4250 leges
312 4169 415 4250 jubent
426 4169 491 4250 ejus
501 4188 574 4249 opes
580 4172 738 4251 publicari,
749 4174 798 4253 qui
808 4175 996 4254 sponsionem
1010 4194 1063 4256 pro
1075 4195 1108 4236 re
1119 4176 1219 4256 aliqua

116 4263 233 4334 publiea
247 4264 357 4335 iecerit,
373 4284 429 4325 nec
443 4263 569 4325 solverit.
612 4263 749 4341 Proinde,
763 4269 878 4328 tametsi
890 4268 1009 4330 istorum
1020 4279 1121 4330 essent
1135 4288 1219 4329 man·

118 4350 202 4427 cipis.
216 4364 314 4417 tumen
328 4365 363 4417 aa
378 4358 519 4439 publicari
537 4361 701 4449 p'p'o'rtebat,
717 4363 812 4443 siqua
832 4364 920 4424 modo
929 4370 980 4424 'est
1003 4363 1102 4442 legum
1115 4373 1220 4423 aucto·

105 4440 189 4501 ritas.
233 4444 280 4504 Ac
300 4450 475 4532 priusquam
498 4453 581 4514 fieret
594 4452 712 4513 erarius
736 4456 921 4529 Arethusius,
942 4458 972 4517 in
992 4457 1130 4517 confesso
1154 4462 1218 4517 erat

337 4677 425 4736 f-
