2662 4792
551 264 766 326 EPISTOLAE.
1141 263 1198 321 837

108 432 176 484 tuns
188 423 377 495 sst,.sortnna
386 421 492 501 quaerit
501 421 616 502 aliquos
625 421 732 501 quibus
745 420 833 481 adsit.
874 418 898 479 li
911 438 964 480 vos
981 438 1050 481 esse
1064 418 1199 487 -debetis;
1274 434 1279 443 ·

107 526 139 579 et
149 518 243 578 duces
257 538 310 597 per
323 537 397 597 quos
411 516 471 596 geri
492 537 612 577 necesse
626 526 673 576 est
694 534 782 595 quam
795 516 1086 576 benevolentissimae
1110 514 1201 593 copiis

108 611 275 689 praeficere:
296 610 433 688 quodque
455 609 655 688 unusquisque
673 618 799 668 vestrum
822 609 918 668 iacere
935 609 1043 687 poterit
1063 616 1093 667 et
1113 607 1201 677 volet,

107 700 137 760 id
151 702 190 762 ad
206 701 335 780 seipsum
349 702 426 761 dicat
440 712 471 761 et
483 702 643 780 promittat,
657 713 818 781 caveatque
837 720 872 761 ne
886 702 979 774 sallat,
994 721 1089 779 neque
1112 700 1201 779 tergi·

89 860 94 871 ¹
108 794 243 853 versandi
258 796 353 873 gratia
365 794 419 854 sibi
434 795 504 855 data
526 814 592 856 esse
605 797 702 866 verba,
713 816 772 855 non
785 816 957 875 persuasum
971 816 1045 868 esse,
1055 806 1200 855 causetur.

108 885 257 965 Quicquid
268 888 344 946 enim
355 906 406 946 vos
419 888 614 966 neglexeritis,
623 887 652 946 id
667 888 716 966 qui
727 888 865 948 resarciat
876 888 1019 946 neminem
1032 886 1182 946 invenietis
1194 905 1201 945 :

108 997 203 1057 neque
218 980 295 1039 idem
306 979 470 1059 periculum
485 980 571 1039 estin
586 979 620 1038 iis
634 981 730 1049 rebus,
747 1000 821 1058 quas
836 990 897 1038 tum
911 999 978 1039 curn
997 979 1101 1038 voletis
1113 997 1202 1057 agere

107 1070 216 1143 licebit,
238 1072 360 1133 consilia
384 1091 463 1152 saepe
483 1082 650 1144 mutarent
675 1071 704 1129 in
727 1072 762 1131 iis
787 1081 903 1151 propter
924 1091 998 1150 quas
1019 1070 1129 1130 bellum
1150 1070 1204 1130 erit

108 1165 279 1243 gerendum,
295 1165 348 1225 sed
362 1166 391 1223 in
405 1165 570 1244 hujusmodi
584 1136 670 1224 reiius
684 1165 833 1224 sententiae
852 1165 975 1224 mutatio
989 1184 1048 1223 non
1063 1171 1109 1222 est
1124 1164 1203 1223 aliud

107 1274 194 1335 quam
207 1257 324 1316 consilii
337 1267 368 1316 et
382 1256 505 1316 instituti
525 1256 636 1315 clades.
678 1256 724 1315 Nc
739 1276 808 1316 vero
829 1258 887 1316 tale
904 1257 1050 1335 quippiam
1071 1255 1203 1315 commit·

108 1348 171 1420 tite,
186 1349 251 1420 sed,
266 1349 404 1428 quicquid
427 1349 520 1407 acturi
541 1348 623 1419 estis,
637 1349 669 1407 id
690 1351 837 1426 generosis
859 1360 890 1408 et
907 1349 1017 1428 paratis
1031 1348 1135 1407 animis
1150 1348 1203 1407 de-

109 1442 240 1509 cernite;
262 1452 293 1499 et
302 1441 353 1499 ubi
366 1441 457 1499 semel
471 1439 667 1511 decreveritis,
682 1440 771 1500 ductu
786 1454 815 1501 et
828 1440 963 1521 auspiciis
978 1451 1040 1499 tum
1061 1440 1205 1499 Dodonaei

108 1532 192 1591 Jovis
208 1542 272 1590 turn
287 1531 461 1609 reliquorum
474 1531 605 1602 deorum,
619 1530 668 1609 qui
687 1531 778 1590 multa
790 1531 873 1591 vobis
886 1541 917 1591 et
930 1531 1068 1610 praeciara
1085 1541 1115 1589 et
1126 1532 1206 1591 bona

109 1635 140 1685 et
164 1643 236 1682 vera
258 1622 380 1683 oracula
400 1623 598 1694 reddiderunt,
611 1621 785 1703 illorumque
809 1644 864 1704 ope
887 1623 1049 1702 implorata,
1070 1624 1205 1702 votisque

110 1735 163 1795 pro
190 1715 315 1775 victoria
337 1715 373 1775 iis
399 1716 531 1775 omnibus
563 1716 750 1794 nuncupatis,
776 1717 917 1795 adjutrice
943 1716 1060 1777 fortuna
1082 1716 1206 1795 propitia

111 1808 275 1869 libertatem
290 1807 404 1868 Graecis
418 1807 570 1868 restituite.
612 1807 728 1869 Valete.

465 2102 860 2117 ᾖ

642 2279 682 2338 ΙΙ.

375 2460 456 2533 DE
498 2459 623 2535 SUO
667 2457 932 2533 REDITU.

604 2706 725 2718 —

233 2835 542 2896 DEMOSTHENES
566 2838 751 2898 SENATUI
773 2838 1026 2908 POPULOQUE
1046 2840 1078 2898 S.

1233 2968 1245 2997 0

154 3016 396 3077 Exrsrrmnnnn
411 3036 464 3095 pro
478 3017 552 3078 meis
572 3019 602 3079 in
617 3019 839 3098 Rempublicam
853 3019 974 3089 meritis,
988 3037 1035 3078 me
1050 3037 1107 3076 non
1121 3016 1221 3105 modo!

116 3106 259 3170 insontem
269 3131 329 3170 non
343 3112 384 3170 ita
397 3120 553 3170 tractatum
568 3111 613 3185 iri,
633 3112 687 3171 sed
705 3110 893 3170 mediocrium
908 3112 994 3171 ctiam
1010 3120 1209 3188 peccatorum,

116 3202 242 3283 siquam
263 3204 338 3265 sorte
359 3204 475 3283 culpam
497 3206 717 3279 contraxissem,
735 3206 850 3264 veniam
867 3204 1096 3284 impetraturum.
1123 3203 1211 3261 Post·

115 3314 204 3375 quam
218 3316 288 3356 vero
301 3297 341 3357 ita
363 3297 480 3370 accidit,
494 3297 565 3357 dum
585 3298 718 3358 videbam
733 3318 751 3358 a
763 3299 856 3370 vobis,
871 3298 960 3358 nullis
981 3296 1146 3357 criminibus
1160 3316 1212 3375 per

116 3400 248 3450 tanatum
271 3401 369 3469 aperte
388 3391 592 3458 demonstratis
613 3402 644 3450 et
666 3391 807 3470 probatis,
821 3410 858 3450 ex
872 3392 992 3451 istorum
1012 3389 1124 3450 arcanis
1139 3408 1211 3450 con-

115 3481 184 3542 sitiis
207 3482 399 3543 condemnari
420 3504 530 3555 omnes,
551 3503 609 3543 non
629 3483 723 3543 minus
737 3503 789 3543 vos
813 3483 850 3542 de
864 3494 961 3544 vestro
970 3483 1035 3564 jure
1049 3481 1213 3543 concedere

115 3591 201 3652 qnam
225 3594 271 3634 me
291 3575 418 3635 fraudari
432 3578 611 3649 existimans,
626 3575 779 3636 serendum
797 3596 883 3657 aequo
896 3596 963 3637 esse
980 3576 1076 3637 animo
1090 3575 1212 3656 putavi:

115 3684 182 3727 nam
194 3667 231 3727 iis
248 3670 382 3727 assentiri
393 3670 507 3749 juratos
518 3670 644 3749 judices,
658 3689 725 3749 quae
738 3679 857 3729 senatus
879 3670 941 3729 sine
961 3670 1023 3730 ulla
1042 3668 1213 3749 probatione

115 3760 275 3834 affirmarit,
289 3761 326 3820 de
340 3761 508 3840 reipublicae
521 3763 588 3842 jure
611 3762 774 3822 concedere
796 3761 862 3821 suit.
904 3762 982 3831 Quia
995 3781 1063 3822 vero
1074 3765 1134 3840 Jam
1158 3778 1212 3838 pro

115 3865 210 3914 vestra
222 3853 380 3934 prudentia
393 3874 461 3914 eum
473 3856 677 3934 principatum,
691 3875 779 3934 quem
792 3855 822 3914 in
837 3865 942 3915 senatu
960 3855 1078 3934 quidam
1093 3853 1146 3911 sibi
1160 3872 1213 3931 pa·

116 3962 179 4005 rare
191 3948 387 4018 conabantur,
402 3946 654 4019 animadvertistis,
668 3956 699 4007 et
711 3948 741 4006 in
751 3948 918 4024 judicandis
931 3947 1028 4007 causis
1043 3954 1215 4023 argumenta

116 4038 1214 4122 spectastisistcrumquearcanadignaessereprehensionedeprehendistis,

117 4129 219 4193 decere
231 4151 350 4202 censeo,
366 4134 390 4191 si
412 4132 531 4211 quidem
548 4131 579 4191 id
604 4143 702 4192 restra
719 4135 807 4194 etiam
824 4133 960 4192 voluntas
981 4133 1065 4199 feret,
1080 4148 1126 4187 ma
1141 4148 1215 4208 quo·

117 4240 171 4301 que
186 4226 228 4285 ita
241 4225 354 4285 restitui
368 4226 397 4284 in
411 4225 566 4301 integrum,
581 4235 616 4283 ut
628 4226 647 4284 ii
668 4227 793 4286 restituti
809 4237 879 4285 sunt
891 4225 941 4305 qui
955 4225 985 4282 in
999 4221 1084 4282 simili
1095 4222 1215 4282 crimine

117 4315 244 4391 inerunt,
259 4318 390 4378 nescius
407 4336 465 4395 ego
478 4317 585 4377 falsum
598 4320 637 4379 ob
650 4320 759 4380 crimen
777 4319 872 4401 patria
885 4317 1077 4395 fortunisque,
1096 4326 1128 4375 et
1145 4336 1216 4377 con·

113 4404 361 4483 junctissimorum
384 4409 598 4473 consuetudine
623 4430 751 4474 caream.
793 4412 866 4473 Jure
890 4420 990 4471 autem
1009 4408 1109 4482 vonis,
1133 4408 1225 4467 ntita-
