2708 4786
424 258 593 319 CONTRA
613 257 908 325 THEOCRINEM.
1161 260 1221 319 765

123 412 283 475 infortunia
293 414 379 475 nobis
390 423 422 477 et
433 414 501 489 hoc,
514 415 650 487 ludices,
671 415 779 488 evenit,
792 424 826 475 ut
838 433 905 476 cum
919 431 1020 475 omnes
1033 431 1089 475 nos
1101 411 1226 493 instigas

123 505 190 576 rint,
205 516 335 569 noemam
349 517 455 569 sortem
469 509 610 582 miserati,
622 518 653 569 et
664 498 764 588 inique
777 509 933 569 uobiscum
945 525 1011 567 esse
1025 517 1122 566 actum
1140 506 1221 567 dixe·

124 600 194 673 rint
208 611 240 660 et
251 600 342 661 istum
357 600 502 662 delatione
516 600 609 662 teneri
622 599 802 675 affirmarint,
816 620 917 661 eorum
926 618 1014 661 nemo
1027 608 1126 659 tamen
1136 597 1226 669 uobis,

122 690 260 771 opitulari
272 693 354 766 velit,
367 712 465 773 neque
478 712 511 754 se
520 693 597 754 velle
611 694 760 774 suscipere
773 693 947 767 inimicitias,
957 691 1054 773 palam
1066 692 1224 771 profitean7

121 794 182 843 tur.
223 785 306 846 Adeo
318 785 386 866 plus
401 787 481 866 apud
498 786 656 866 plerosque
669 787 749 847 velet
762 797 870 861 metus,
883 805 971 865 quam
981 784 1104 865 justitiae
1123 804 1223 864 respe-

121 886 202 937 ctus.
242 876 317 937 Cum
340 889 450 951 autem,
471 878 606 952 ludices,
625 898 678 960 per
699 879 894 940 Theocrinem
915 878 1018 937 multas
1037 876 1121 951 uobis
1143 876 1225 937 culad

121 968 239 1029 unitates
258 978 390 1052 tempore
410 971 491 1033 haud
515 972 621 1052 exiguo
635 972 712 1032 datae
730 973 798 1051 siut,
814 971 898 1031 nulla
917 971 1011 1048 major
1031 979 1079 1029 est
1096 988 1134 1029 ea
1155 966 1230 1050 quaa

120 1080 203 1121 nuuc
215 1062 334 1136 accidit,
347 1064 429 1144 quod
442 1064 575 1125 facinora
585 1064 755 1124 Theocrinis
764 1064 926 1145 legumque
933 1061 1116 1136 violationes,
1129 1072 1225 1142 pater,

120 1153 172 1233 qui
195 1165 228 1215 et
248 1155 339 1217 laesus
358 1166 414 1230 est,
436 1168 468 1217 et
487 1158 689 1218 demonstrare
712 1168 825 1237 posset,
842 1155 959 1218 silentio
980 1166 1079 1235 tegere
1102 1174 1225 1221 necesse.

121 1245 345 1327 babet-leges
366 1249 445 1309 enim
466 1250 508 1310 ita
529 1250 813 1330 precipiunt—mihi
832 1268 912 1323 vero,
930 1253 1013 1325 cujus
1033 1248 1161 1309 facultas
1178 1246 1225 1325 hia

121 1339 259 1401 omnibus
273 1342 367 1420 impar
379 1351 437 1415 cst,
450 1343 540 1403 verba
558 1342 697 1403 facienda
709 1352 788 1403 sunt.
828 1343 878 1401 Ac
899 1340 964 1401 aliis
986 1340 1227 1417 adolescentibus

120 1441 221 1511 patres
234 1450 321 1512 opem
335 1434 445 1507 ferunt,
458 1434 508 1495 hic
521 1454 592 1497 vero
605 1435 635 1495 in
650 1456 696 1496 me
707 1455 791 1516 spem
800 1435 908 1496 habeat
919 1434 1106 1496 collocatam.

165 1525 216 1583 16.
235 1525 301 1584 Tali
318 1525 408 1605 igitur
429 1528 587 1588 certamine
605 1528 818 1600 conflictantes,
831 1547 885 1588 vos
903 1546 1069 1608 precamur,
1086 1535 1120 1586 ut
1140 1524 1226 1599 uobis

119 1615 316 1696 opitulamini,
330 1628 362 1679 et
374 1620 509 1680 omnibus
523 1620 699 1692 ostendatis,
713 1620 773 1681 sive
786 1640 869 1701 puer,
888 1619 949 1681 sive
964 1638 1064 1691 senex,
1078 1618 1139 1679 sire
1152 1637 1226 1697 qua·

121 1727 243 1788 cunque
257 1718 347 1769 oetate
361 1712 504 1791 quispiam
518 1712 557 1771 ad
571 1733 623 1773 vos
644 1713 820 1792 confugerit,
840 1721 872 1772 et
893 1713 932 1773 ad
952 1711 1045 1790 leges,
1059 1712 1087 1772 ei
1099 1720 1227 1775 vestram

116 1800 265 1880 justitiam
287 1820 355 1862 esse
378 1803 526 1882 praesidio.
567 1804 736 1864 Honestum
763 1811 811 1864 est
834 1803 952 1875 etenim,
973 1801 1109 1873 ludices,
1131 1820 1228 1880 neque

121 1912 187 1967 ros,
202 1913 298 1973 neque
317 1894 400 1973 leges
421 1896 452 1957 in
472 1905 633 1968 oratorum,
653 1894 707 1956 sed
728 1895 796 1957 illos
818 1896 850 1955 in
866 1905 967 1956 vestra
981 1914 1049 1971 esse
1068 1903 1227 1979 potestate,

121 1982 340 2066 discrimenque
366 1989 508 2049 constitui
532 1988 609 2049 inter
632 2008 693 2061 eos,
708 1989 758 2069 qui
778 1989 855 2048 bene
878 1998 910 2048 et
927 1988 1090 2068 perspicue,
1104 1998 1135 2047 et
1151 1978 1228 2047 inter

121 2079 247 2159 eosqui
268 2098 355 2158 sequa
378 2079 491 2141 dicunt.
515 2079 594 2140 Nam
620 2080 659 2141 de
685 2100 722 2141 ea
744 2100 775 2140 re
802 2099 855 2141 vos
876 2080 1119 2160 pronunciaturos
1135 2077 1228 2157 jurati

122 2171 207 2235 estis.
248 2172 354 2250 Neque
376 2172 622 2252 euimquispiam
645 2174 729 2235 vobis
753 2171 950 2252 persuadebit,
968 2180 1123 2251 propterea
1142 2170 1228 2231 delu-

122 2272 207 2325 turos
229 2263 315 2325 istius
338 2264 452 2344 generis
478 2275 620 2339 oratores,
634 2275 686 2326 aut
707 2275 863 2346 propterea
884 2264 968 2345 pejus
990 2273 1089 2324 actum
1106 2263 1140 2323 iri
1157 2283 1228 2324 curn

122 2356 283 2436 republica.
336 2358 449 2417 Contra
474 2377 569 2439 egoe
595 2368 667 2419 natu
696 2358 857 2439 majoribus
883 2356 1069 2427 audio,tu1u
1094 2356 1229 2418 floruisse

124 2453 254 2513 maximo
267 2453 490 2532 rempublicam,
506 2473 574 2514 cum
588 2473 606 2514 a
619 2453 760 2515 modestis
777 2462 808 2512 et
819 2451 1011 2531 prudentibus
1033 2449 1099 2511 viris
1113 2469 1230 2530 regere·

123 2556 183 2609 tur.
225 2546 371 2626 Nunquid
388 2547 466 2606 enlm
488 2545 670 2607 consiliarios
691 2547 764 2607 istos
784 2564 850 2606 esse
873 2546 968 2604 bonos
985 2542 1160 2604 invenietis?
1182 2544 1228 2603 At

123 2639 197 2705 nibil
209 2641 320 2721 populo
335 2640 447 2713 dicunt,
461 2650 493 2701 et
513 2641 549 2701 iis
570 2639 622 2721 qui
639 2641 749 2720 populo
767 2638 934 2710 consulunt,
953 2636 1128 2698 accusandis
1143 2635 1229 2697 locu·

123 2732 285 2813 pletaubar.
327 2732 419 2812 ldque
431 2732 624 2793 admiratione
638 2732 761 2813 dignum
775 2742 831 2806 est,
841 2751 909 2793 cum
920 2728 1128 2791 calumniando
1139 2729 1229 2789 vitam

124 2835 303 2899 metentent,
315 2825 414 2887 dicere
428 2845 491 2899 eos,
501 2846 534 2886 se
547 2826 619 2885 nibil
632 2826 764 2906 accipere
785 2846 801 2886 e
815 2826 942 2904 publico,
956 2823 1007 2902 qui
1021 2833 1179 2903 antequam
1190 2821 1230 2882 ad

123 2937 179 2979 vos
192 2938 226 2979 se
237 2917 441 2991 contulissent,
462 2917 576 2998 inopes,
589 2938 670 2978 nunc
691 2918 786 2990 ditati,
804 2918 915 2978 nullam
934 2916 1017 2989 vobis
1032 2915 1155 2995 gratiam
1175 2913 1229 2975 ha·

124 3010 216 3074 bant:
238 3010 292 3070 sed
302 3009 414 3089 passim
434 3010 581 3084 dictitant,
594 3031 682 3090 quam
696 3011 866 3071 inconstans
881 3010 920 3070 sit
932 3008 1070 3089 populus,
1084 3027 1173 3087 quam
1184 3007 1228 3067 iu·

125 3101 299 3177 tractabilis,
313 3122 401 3181 quam
412 3102 562 3182 ingratus:
582 3104 707 3184 perinde
720 3124 755 3164 ac
770 3105 795 3163 si
808 3123 861 3164 vos
880 3122 996 3182 percos
1010 3100 1154 3173 ditemini,
1168 3119 1228 3159 non

125 3194 184 3276 ipsi
206 3214 260 3275 per
281 3194 434 3275 populum.
475 3196 574 3274 Atque
588 3202 656 3273 jure
682 3197 764 3258 adeo.
780 3197 852 3257 talia
872 3197 985 3268 dicunt,
1002 3213 1072 3255 curn
1090 3202 1227 3274 ,vestram

126 3286 274 3367 ignaviam
301 3287 430 3359 videant,
444 3289 496 3366 qui
516 3289 672 3362 neminem,
686 3301 721 3349 ut
740 3307 841 3350 eorum
864 3278 1031 3349 merebatur
1048 3287 1227 3366 improbitas,

125 3379 291 3459 punieritis,
302 3380 355 3439 sed
369 3399 456 3439 aures
468 3379 510 3440 eis
524 3382 690 3462 praebeatis,
709 3381 883 3452 dicentibus,
898 3380 998 3461 populi
1012 3379 1135 3440 salutem
1154 3398 1227 3459 pen-

128 3472 198 3535 dere
212 3475 250 3533 ab
264 3475 482 3534 accusatoribus
501 3486 532 3535 et
545 3475 814 3535 calumniatoribus.
843 3475 956 3544 Quibus
969 3494 1030 3535 nou
1045 3467 1125 3533 aliud
1135 3493 1228 3553 genus

128 3576 176 3627 est
186 3568 383 3648 pestilentius.
426 3568 521 3636 Quam
532 3570 610 3628 enim
623 3570 660 3628 ab
675 3566 737 3628 istis
751 3568 880 3647 praestari
893 3566 1059 3647 reipublicoe
1072 3567 1229 3626 utilitatem

128 3659 279 3741 reperias?
299 3661 515 3739 Delinquentes
539 3661 588 3720 isti
611 3661 747 3720 nimirum
765 3661 901 3741 puniunt,
916 3669 948 3719 et
970 3668 1090 3740 propter
1107 3658 1164 3718 bos
1185 3658 1229 3717 illi

128 3762 199 3814 sunt
207 3752 383 3834 pauciores?
404 3754 473 3812 Non
485 3754 598 3833 utique,
616 3753 750 3824 Judices,
766 3753 819 3813 sed
838 3753 934 3833 plures
957 3752 1053 3813 etiam.
1086 3751 1163 3811 Nam
1178 3749 1228 3828 qui

128 3846 244 3907 lacinus
258 3845 377 3924 aliquod
392 3846 495 3906 animis
509 3846 631 3926 agitant,
650 3865 718 3906 cum
733 3846 837 3919 scient,
852 3845 914 3905 istis
935 3844 1023 3904 etiam
1038 3843 1148 3922 aliquid
1161 3861 1229 3901 esse

82 3940 87 3947 '
129 3937 168 3998 de
180 3939 285 4020 praeda
297 3938 532 4017 ilnpertiendum,
543 3939 710 3999 necessario
731 3937 798 4018 plus
815 3937 879 3998 aliis
893 3939 1002 4018 eripere
1016 3936 1181 4008 instituunt,
1194 3943 1231 3994 ut

129 4051 189 4092 uon
203 4032 260 4092 sibi
274 4032 381 4103 solum,
395 4031 448 4091 sed
466 4033 528 4092 istis
541 4033 629 4092 etiam
650 4041 783 4111 sumptus
803 4040 971 4112 suppetant.
1013 4029 1059 4089 Ac
1082 4048 1101 4087 a
1122 4027 1228 4087 ceteris

130 4124 250 4203 quidem
262 4123 416 4195 maleficis,
430 4125 480 4202 qui
498 4125 531 4184 iis
547 4124 640 4204 quiin
660 4124 740 4204 ipsos
760 4122 927 4184 inciderunt
939 4130 1056 4193 nocent,
1075 4128 1104 4178 et
1122 4138 1169 4178 res
1182 4118 1229 4178 fa·

129 4216 263 4291 miliaria,
280 4217 453 4277 custodibus
480 4216 629 4290 adhibitis,
650 4217 755 4278 servari
778 4226 885 4297 potest,
907 4224 939 4276 et
963 4215 1014 4295 qui
1037 4212 1117 4273 domi
1138 4222 1230 4273 noctu

131 4317 241 4382 manet,
254 4308 325 4368 nihil
338 4307 408 4368 mali
429 4308 546 4386 patitur,
560 4308 610 4368 alii
633 4309 696 4369 sola
714 4308 864 4389 vigilantia
882 4307 958 4368 male
978 4303 1170 4386 cogitantium
1183 4304 1229 4365 iu·

131 4403 222 4465 sidias
238 4404 330 4465 vitare
352 4414 473 4483 queunt.
513 4404 555 4464 At
578 4422 715 4483 quorsum
735 4404 836 4478 abeas,
856 4411 890 4463 ut
907 4402 945 4463 ab
965 4398 1137 4464 istiusmodi
1149 4398 1236 4463 cala·
