2662 4792
107 225 146 315 os
456 186 858 292 rn‘crasrnrronrnnr.

110 394 187 448 rens,
200 373 285 452 quasi
299 358 367 433 vero
379 369 486 445 Boeoti,
500 371 596 451 reipsa
609 366 744 452 injuriam
758 369 848 450 passi,
861 369 891 435 in
909 365 1017 429 callido
1033 366 1206 428 Demosthe*

111 455 156 527 nis
171 468 324 526 verborum
339 473 477 524 contextu
492 464 722 542 acquiescerent,
739 482 774 524 ao
787 483 846 522 non
859 460 958 541 potius
970 461 1083 529 damna
1097 460 1146 520 illa
1162 481 1208 522 ac·

111 568 198 639 cepta
215 557 381 637 gravissime
395 566 496 616 essent
514 555 621 615 laturi:
643 555 749 614 deinde
762 554 932 614 bellicorum
952 562 1125 632 sumptuum
1138 552 1207 610 duas

112 661 211 732 partes
221 649 304 711 vobis
316 649 482 737 adscripsit,
496 648 546 727 qui
555 647 672 734 longius
685 667 703 707 a
716 646 846 727 periculo
858 645 996 718 aberatis,
1010 646 1127 705 tertiam
1138 644 1209 704 The·

111 744 209 812 banis,
224 753 336 820 turpem
350 741 438 800 inhia
453 740 574 819 singulis
588 738 733 818 quaestum
748 747 930 818 aucupatum
954 737 1110 816 imperium
1129 737 1209 797 mari·

113 835 218 894 timum
233 851 301 892 cum
316 832 373 893 illis
387 832 626 907 communicavit,
640 833 800 912 impensam
814 831 929 911 proprie
942 840 1073 890 vestram
1094 851 1150 888 esre
1169 848 1211 887 no·

115 927 167 984 luit
176 948 186 991 ,·
209 933 353 996 terrestre,
368 925 393 984 si
409 924 496 1003 nugis
511 924 666 1003 indulgere
680 924 827 995 nolumus,
843 925 1076 1001 totum'prorsus
1090 923 1129 985 ad
1140 922 1210 981 The·

113 1019 208 1076 banos
224 1017 385 1089 transtulit,
400 1016 474 1076 adeo
494 1026 527 1075 ut
546 1016 576 1076 in
590 1036 625 1076 eo
642 1016 720 1095 quod
734 1027 836 1075 natum
850 1026 897 1075 est
908 1015 988 1074 hello
1010 1013 1147 1076 Stratocli
1163 1013 1211 1071 im·

115 1109 242 1188 paratoni
255 1118 355 1168 vestro
375 1109 456 1168 facta
468 1129 527 1169 non
542 1110 578 1167 sit
587 1109 625 1168 de
640 1109 763 1168 militum
778 1109 873 1168 salute
887 1107 1065 1178 consulendi
1079 1111 1212 1186 potestas.

117 1201 223 1278 Neque
236 1220 305 1260 vero
317 1201 381 1260 haec
396 1219 453 1278 ego
463 1199 576 1271 incuso,
596 1201 645 1261 alii
659 1200 891 1278 praetermittunt,
907 1199 959 1258 sed
974 1209 1007 1258 et
1020 1219 1079 1278 ego
1092 1218 1211 1258 comme·

39 1332 41 1339 ,
116 1310 198 1351 moro
213 1300 245 1350 et
262 1310 364 1350 omnes
379 1290 598 1369 reprehendunt
620 1301 652 1351 et
670 1312 723 1352 vos
744 1291 823 1350 scitis
846 1310 942 1370 neque
963 1290 1132 1350 irascimini.
1168 1290 1213 1348 Sic

36 1428 41 1434 ,
117 1381 193 1440 enim
208 1381 238 1440 in
253 1382 485 1441 Demosthenem
499 1383 570 1441 estis
581 1383 719 1442 animati:
735 1378 903 1440 insuevistis
916 1383 978 1460 jam
993 1383 1080 1440 istius
1093 1380 1214 1441 facinora

117 1473 264 1546 exaudire,
276 1485 310 1534 ut
323 1473 393 1532 nihil
407 1473 533 1551 amplius
548 1473 701 1531 miremini.
736 1473 776 1530 At
789 1491 847 1530 non
861 1473 902 1531 ita
916 1473 1016 1532 facere
1031 1493 1084 1546 vos
1098 1481 1214 1552 oportet,

118 1565 172 1624 sed
186 1564 343 1643 indignari,
359 1565 411 1625 sed
426 1567 528 1624 acerbe
544 1564 656 1643 punire,
669 1563 812 1642 siquidem
823 1564 933 1642 reliqua
945 1563 1058 1625 civitati
1070 1568 1213 1644 benepro·

43 1645 49 1649 ’
119 1657 362 1737 spercquerultis
376 1657 542 1736 procedere.

159 1751 209 1809 46.
232 1749 400 1810 Secundam
413 1769 483 1808 vero
497 1760 527 1808 et
537 1750 686 1810 antedicta
698 1748 791 1815 multo
812 1751 973 1828 graviorem
993 1751 1130 1830 injuriam
1142 1749 1214 1820 fecit,

119 1858 192 1903 cum
212 1850 346 1899 senatum
369 1841 527 1919 populique
555 1843 740 1920 majestatem
763 1843 879 1921 penitus
904 1843 1003 1901 furtim
1026 1843 1171 1903 submovit
1190 1852 1215 1912 et

119 1929 236 1990 Thebas
250 1933 280 1991 in
295 1930 456 1990 Cadmeam
480 1931 619 2003 traduxit,
635 1935 724 1992 rebus
740 1934 845 1993 nostris
860 1955 927 1994 cum
953 1931 1124 1996 Bmotorum
1144 1934 1214 2014 prin-

120 2021 235 2102 cipibus
248 2024 383 2102 pactione
400 2025 479 2083 facta
487 2024 715 2107 communicatis
728 2049 735 2095 ;
757 2026 828 2105 quin
842 2045 912 2085 vero
927 2035 1042 2085 tantam
1058 2026 1113 2084 sibi
1131 2025 1215 2085 domi·

119 2116 269 2197 nationem
284 2117 473 2195 comparavit,
489 2127 522 2176 ut
530 2116 593 2196 jam
616 2137 780 2176 conscenso
800 2131 941 2194 suggestu
957 2118 1100 2196 glorietur
1113 2137 1144 2178 se
1163 2136 1215 2196 quo
1245 2163 1248 2169 .

120 2207 192 2291 uelit
203 2207 333 2286 legatum
348 2209 555 2286 profecturum,
566 2208 683 2280 etiamsi
696 2227 753 2266 vos
763 2227 821 2266 non
835 2209 1007 2269 mitteretis:
1029 2211 1111 2290 quod
1125 2209 1215 2288 siquis

43 2351 46 2357 .
120 2299 329 2376 imperatorum
342 2301 368 2359 ei
382 2299 605 2373 contradiceret,
628 2319 687 2378 quo
704 2308 846 2379 praetores
871 2301 899 2358 in
922 2303 1095 2364 servitutem
1114 2302 1217 2381 redigat

119 2409 232 2478 eosque
245 2391 421 2451 assuefaciat
441 2411 479 2449 ne
492 2391 549 2451 sibi
562 2391 788 2469 refragarentur,
815 2391 940 2452 minetur
961 2414 995 2454 se
1018 2396 1150 2476 suggesti
1169 2413 1214 2453 no·

122 2482 199 2542 mine
218 2483 299 2543 litem
320 2484 531 2553 intentatorum
551 2485 707 2562 praetorio;
729 2485 814 2564 plura
834 2485 909 2544 enirn
937 2487 974 2546 ad
996 2508 1051 2547 vos
1073 2486 1218 2547 commoda

123 2595 177 2633 sua
192 2596 311 2653 operae
327 2586 478 2653 suggesta,
493 2596 580 2652 quarn
594 2597 645 2654 per
660 2576 849 2654 imperatores
864 2598 879 2635 c
896 2581 1032 2656 praetorio
1048 2582 1216 2660 pervenisse.

124 2667 159 2722 In
174 2677 294 2724 externo
316 2678 413 2726 autern
429 2667 568 2736 exercitu,
583 2688 650 2724 cum
666 2687 704 2725 ex
728 2669 878 2729 ordinibus
895 2692 953 2729 non
977 2676 1130 2752 completis
1145 2693 1215 2751 quae-

124 2767 200 2815 stum
214 2759 333 2826 faceret,
350 2759 473 2815 militare
488 2758 667 2836 stipendium
679 2760 833 2833 furaretur,
845 2774 875 2820 et
888 2765 991 2823 decern
1008 2767 1058 2824 illa
1073 2768 1162 2824 millia
1175 2786 1217 2824 ex·

113 2860 269 2908 ‘ternorum
284 2852 408 2909 militum
422 2851 678 2929 Amphissensibus
690 2854 826 2912 mercede
837 2866 958 2934 accepta
968 2858 1093 2928 locaret,
1105 2861 1217 2917 multum

122 2942 192 3002 licet
206 2946 371 3025 obtestante
385 2954 416 3002 et
440 2945 468 3000 in
481 2945 669 3004 concionibus
690 2948 845 3024 quiritante
867 2970 922 3020 me,
941 2950 1052 3010 civitati
1068 2957 1217 3032 imparata,

124 3039 263 3115 surreptis
291 3036 474 3095 mercenariis
496 3038 631 3109 subsidia,
652 3039 813 3117 periculum
836 3061 981 3098 summum
1003 3044 1113 3121 injecit.
1149 3043 1218 3110 Quid

124 3129 201 3187 enim
214 3129 323 3207 putatis
339 3129 504 3207 Philippum
520 3131 699 3206 temporibus
715 3132 770 3189 illis
787 3132 815 3188 in
830 3132 904 3190 votis
919 3133 1081 3194 habuisse?
1112 3139 1178 3195 Non
1191 3145 1219 3194 ut

125 3223 243 3279 seorsim
266 3241 334 3279 cum
349 3223 459 3279 urbana
475 3223 546 3291 acie,
571 3223 691 3280 seorsim
710 3243 776 3282 curn
799 3225 952 3284 conductis
978 3230 1072 3307 copiis
1097 3232 1134 3288 ad
1157 3232 1217 3287 Am·

124 3313 254 3390 phissam
271 3312 452 3371 decertaret?
475 3313 702 3398 Graecos-tanta
715 3316 804 3394 plaga
824 3328 945 3394 accepta
965 3306 1153 3381 exanimatos
1175 3343 1217 3400 op·

125 3404 283 3480 primeretf
306 3404 346 3459 Et
360 3413 457 3460 tamen
472 3404 575 3461 horum
597 3406 724 3463 omnium
740 3408 883 3466 malorum
897 3409 995 3486 opifex
1011 3409 1219 3470 Demosthenes

125 3496 266 3553 nonsatis
281 3495 379 3564 habet,
395 3496 418 3552 si
433 3517 534 3573 poenas
555 3496 696 3575 effugerit,
713 3500 765 3557 sed
779 3501 833 3558 nisi
848 3502 934 3558 etiam
948 3521 1037 3561 aurea
1051 3525 1160 3565 corona
1174 3506 1219 3563 do-

125 3596 221 3657 netur,
236 3586 388 3662 indignum
409 3601 512 3666 putat:
536 3610 629 3667 neque
645 3592 670 3648 ei
696 3592 803 3650 sufficit
823 3594 1000 3669 praeconium
1028 3616 1128 3657 coram
1149 3598 1220 3656 vobis

126 3679 198 3749 fieri,
213 3677 265 3736 sed
287 3677 341 3734 nisi
357 3689 387 3734 et
402 3699 500 3737 coram
515 3681 628 3740 Graecis
653 3683 839 3768 praedicetur,
862 3683 1013 3743 ferendum
1039 3702 1139 3767 negat.
1181 3690 1222 3747 Ita

128 3772 262 3830 nimirum
276 3790 365 3849 prava
379 3770 491 3830 indoles
507 3794 643 3852 magnam
655 3785 831 3852 potestatem
843 3779 950 3856 adepta
963 3783 1099 3857 publicas
1114 3803 1221 3862 semper

130 3865 248 3922 excudit
261 3863 451 3922 calamitates

169 3962 218 4016 47.
238 3959 337 4016 Tertia
351 3977 418 4016 vero
434 3966 463 4015 et
477 3961 654 4036 superiorum
669 3962 797 4020 omnium
819 3964 988 4040 gravissima
1002 3978 1048 4025 est
1061 3969 1174 4048 injuria,
1189 3972 1221 4029 de

131 4072 188 4130 qua
203 4073 266 4127 sum
282 4053 424 4110 dicturus,
461 4053 536 4109 Cum
553 4055 627 4110 enim
644 4055 797 4132 Philippus
811 4057 933 4115 Graecos
949 4080 1007 4117 non
1020 4074 1224 4134 contemneret,

129 4165 182 4203 nec
198 4147 479 4222 ignoraret—neque
495 4132 571 4202 enirn
586 4145 777 4221 intelligentia
791 4149 954 4208 caruit—sc
977 4153 1013 4210 dc
1036 4156 1120 4214 bonis
1139 4159 1224 4215 fortn-

129 4239 230 4314 nisque
241 4238 373 4295 omnibus
385 4238 413 4292 in
424 4258 511 4314 parvo
524 4236 644 4293 dieculas
657 4240 750 4314 spatio
765 4260 830 4298 esse
846 4241 1070 4317 decertaturum,
1083 4259 1172 4325 atque
1184 4248 1223 4305 id-

131 4330 208 4386 circo
223 4349 324 4405 pacem
345 4328 442 4387 facere
466 4331 565 4396 vellet,
587 4328 759 4406 legatosque
780 4336 921 4392 missurus
942 4348 1036 4404 essct;
1060 4359 1127 4396 cunr
1152 4341 1224 4399 The-
