2708 4786
468 282 637 346 course
658 281 854 344 omnum.
1160 284 1216 371 rrr
1308 234 1311 239 ’

126 456 194 497 cum
206 437 364 511 venissent,
383 438 414 496 ln
438 457 508 499 suas
527 439 608 501 aedes
628 440 731 520 Lysias
755 459 814 501 non
836 438 1008 512 introduxit,
1021 440 1130 500 veritus
1151 458 1220 513 cum

125 542 247 589 uxorem
266 548 355 608 quem
368 528 505 603 hahebat,
515 530 663 612 Brachylli
676 531 776 607 liliam,
786 551 869 592 suem
882 540 1011 612 neptem,
1024 540 1087 591 tum
1099 541 1221 593 matrem

125 640 211 681 suem
223 631 295 683 natu
308 622 458 703 grandem,
473 642 539 701 quae
556 624 587 683 in
600 625 704 685 iisdem
717 624 828 685 sedibus
843 625 1006 693 habitaretr
1029 624 1082 684 sed
1097 623 1136 684 ed
1153 624 1221 684 Phi-

125 711 281 773 lostratum
296 713 469 788 Coloneum,
484 712 621 776 coelibem
635 716 744 791 adhuc,
759 729 791 777 et
803 717 858 777 sibi
877 717 1014 790 amicum,
1035 716 1156 776 deducit
1171 736 1221 775 ees

125 803 245 885 Lysias,
259 815 320 866 tem
334 806 521 878 Metaniram,
534 827 623 886 quem
636 807 816 869 Nicerotem.
857 808 1059 869 comitabatur
1071 827 1120 869 eas
1134 806 1222 867 etiem

126 898 249 974 Neaera,
250 905 320 977 jam·
337 901 458 980 quidem
475 901 599 981 vulgato
623 920 755 982 corpore,
768 902 823 963 sed
837 901 947 981 junior,
962 911 993 962 et
1013 909 1101 962 etate
1124 900 1222 960 adhuc

125 992 288 1052 immatura.
330 992 371 1053 Ut
384 993 474 1074 igitur
493 1014 564 1054 vere
579 1013 628 1054 me
642 994 749 1069 dicere,
763 1006 793 1056 et
806 995 898 1056 luisse
913 993 1061 1055 Nicaretee
1076 993 1222 1065 Neaeram,

126 1092 252 1158 constet,
266 1086 296 1145 et
308 1095 440 1146 secutam
452 1084 543 1156 illem,
556 1093 587 1145 et
598 1086 765 1146 mercedem
778 1077 943 1146 numeranti
952 1085 1045 1146 cuivis
1058 1085 1107 1165 sui
1117 1085 1222 1146 fecisse

125 1176 251 1257 copiam,
263 1176 367 1237 harum
381 1197 478 1238 rerum
492 1177 576 1238 robis
589 1177 686 1258 ipsum
699 1177 910 1239 Philostratum
920 1197 993 1240 voco
1005 1187 1122 1239 testem

529 1383 833 1446 TESTIMONIUM.
851 1390 855 1399 '

160 1500 316 1550 Philostratus
334 1499 444 1564 Dionysii
459 1498 521 1548 filios
533 1484 652 1549 Coloneus
661 1506 759 1551 testatur
772 1501 832 1550 scire
850 1517 877 1550 se
892 1502 1000 1551 Neaeram
1013 1499 1084 1549 tuisse
1095 1497 1223 1553 Nicerotis,

124 1579 195 1638 cnjus
205 1584 230 1625 et
239 1577 356 1626 Metanira
365 1578 444 1636 fuerit,
454 1584 479 1626 et
489 1578 519 1625 ad
529 1593 555 1625 se
573 1594 624 1627 esse
634 1579 768 1636 deductam,
778 1595 831 1627 curn
847 1578 878 1626 ad
889 1577 957 1643 initia
968 1578 1014 1624 huo
1028 1574 1156 1633 venissent,
1166 1576 1222 1622 dnm

123 1653 231 1702 conatu
242 1655 367 1716 degerentr
385 1655 447 1717 apud
459 1670 485 1703 se
495 1661 572 1703 entem
580 1670 634 1704 essa
644 1656 795 1705 collocatasa
805 1654 878 1718 Lysia
888 1653 986 1717 cephali
999 1653 1048 1701 lilio
1058 1652 1133 1700 arnico
1144 1668 1186 1699 suo
1197 1658 1222 1698 at

122 1729 241 1779 familiari.

166 1845 196 1902 8.
217 1842 343 1917 Rursus,
356 1844 561 1919 Athenienses,
576 1845 684 1907 deinde
698 1845 795 1907 Simus
810 1843 972 1906 Thessalus
983 1862 1052 1905 cum
1063 1842 1171 1903 Neaera
1182 1843 1222 1901 ad

125 1954 234 2014 magna
247 1934 448 1997 Panathenaea
461 1937 592 2012 advenit,
605 1939 762 2000 comitante
782 1958 833 1999 eos
846 1939 934 1998 etiem
949 1935 981 1996 N
983 1937 1102 1996 icerete.
1144 1934 1220 1993 Cum

125 2038 223 2091 autem
244 2030 464 2092 diverterentur'
474 2030 514 2093 ad
537 2030 710 2112 Ctesippum
725 2029 920 2091 Glauconidee
936 2027 1039 2102 filium,
1058 2039 1088 2088 et
1101 2016 1221 2106 compo·

124 2123 209 2185 tabat
221 2136 252 2186 et
268 2121 465 2185 coneoenebat
478 2143 578 2182 coram
597 2123 697 2181 multis
711 2123 829 2194 Neaera,
844 2133 985 2200 tanquam
997 2120 1140 2181 meretrix.
1183 2118 1222 2177 Et

124 2222 160 2276 ut
171 2236 242 2277 rere
253 2235 302 2275 me
316 2215 413 2274 dicere
426 2222 552 2285 constet,
566 2212 669 2273 horum
682 2212 767 2273 robis
780 2223 873 2273 testes
887 2231 972 2273 voco.
1014 2212 1089 2290 Age,
1102 2228 1220 2271 accerse

124 2307 196 2369 milri
217 2305 404 2388 Euphiletum
423 2303 551 2365 Simonis
572 2306 607 2365 F.
623 2305 833 2385 AExonensem,
845 2314 876 2366 et
897 2302 1135 2371 Aristomachum
1155 2301 1219 2361 Cri·

77 2448 80 2455 ·
122 2400 232 2464 todemi
246 2400 519 2480 F.·Alopeceusem.

589 2571 751 2635 TESTES.

158 2702 298 2768 Euphiletus
309 2688 411 2752 ¹Simonis
422 2704 484 2753 lilius
494 2703 645 2763 Enerensis,
657 2704 834 2753 Aristomachus
845 2702 974 2752 Critodemi
985 2700 1047 2750 lilius
1057 2699 1219 2763 Alopeceusis,

125 2782 242 2828 testantur
253 2781 314 2828 scire
326 2796 352 2828 se
360 2781 450 2829 Simum
461 2782 599 2831 Thessalum
610 2780 738 2843 protectum
748 2796 800 2829 esse
811 2781 914 2829 Athenas
928 2780 958 2828 ad
968 2778 1120 2828 Panathenaea
1129 2792 1219 2838 magua,

125 2862 223 2903 mecum
239 2871 271 2907 eo
280 2857 414 2906 Nicarstam
428 2865 453 2905 et
470 2859 578 2908 Neaeram
594 2873 656 2906 nuno
672 2872 745 2913 ream,
756 2872 844 2918 eosque
859 2856 986 2905 divertisse
999 2855 1062 2916 apud
1080 2853 1218 2914 Ctesippnm

124 2932 275 2981 Ghncccidse
286 2933 368 2990 filium,
379 2941 404 2981 et
421 2935 519 2983 cumeis
530 2942 676 2997 oompotasse
687 2936 794 2981 Neaenm
805 2941 912 2995 unquam
923 2930 1076 2990 meretricem,
1086 2945 1138 2976 cum
1148 2929 1218 2976 etiam

123 3007 165 3057 alii
172 3005 240 3057 multi
250 3010 359 3073 adessent
368 3016 396 3059 et
407 3018 565 3075 computarent
576 3013 637 3075 apud
649 3011 794 3072 Ctesippnm.

163 3122 196 3184 9.
217 3122 291 3183 Post
302 3123 367 3183 haec
382 3124 483 3204 igitur,
491 3145 559 3185 oum
574 3124 706 3184 Corinthi
719 3125 816 3204 pelam
829 3134 975 3202 quaestum
988 3122 1163 3201 occepisset,
1181 3141 1217 3181 ec

122 3213 379 3307 nobilitata-esset,
400 3226 464 3276 tum
479 3216 528 3277 alii
542 3217 606 3296 ejus
628 3233 726 3276 amore
740 3215 820 3295 capti
834 3226 913 3289 sunt,
934 3224 997 3274 tum
1016 3224 1104 3293 poete
1114 3212 1217 3273 Xeno-

121 3308 225 3382 clides,
239 3318 270 3369 et
289 3308 479 3388 Hipparchus
493 3308 606 3382 histrio,
619 3327 742 3388 eamque
760 3307 938 3369 conductam
956 3305 1131 3366 habuerunt.
1171 3306 1217 3366 Ao

121 3419 171 3461 rue
191 3420 261 3462 vere
284 3401 391 3473 dicere,
416 3400 589 3462 Xenoclide
608 3400 775 3461 testimonio
789 3399 871 3461 robis
890 3399 1044 3481 ostendere
1067 3419 1127 3459 non
1148 3419 1218 3478 pos-

122 3493 311 3573 sum-leges
328 3493 404 3553 enim
419 3493 516 3553 dicere
528 3493 726 3554 testimonium
737 3513 796 3552 non
811 3493 927 3552 sinunt:
938 3491 1018 3571 quod
1030 3491 1113 3551 vobis
1126 3491 1216 3551 Lace·

103 3596 107 3605 ⁴
120 3587 286 3647 daemonios
299 3587 535 3661 defendentibus,
550 3586 717 3649 Callistrato
738 3595 865 3658 auctore,
878 3604 946 3646 cum
960 3584 1125 3664 refragatus
1138 3594 1218 3644 esset

120 3679 164 3741 illi
181 3679 348 3739 defensioni
368 3700 421 3760 pro
439 3680 590 3759 concione,
604 3679 742 3741 frumenti
762 3679 1006 3758 quinquagesima
1028 3677 1058 3736 in
1078 3696 1152 3757 pace
1171 3697 1217 3739 re·

122 3778 254 3858 dempta,
273 3797 399 3856 cumque
418 3797 485 3839 eum
510 3777 632 3857 singulis
656 3785 776 3837 senatus
796 3774 988 3836 conventibus
1008 3774 1164 3853 pensiones
1176 3775 1219 3841 ,in

119 3872 203 3933 curia
215 3888 370 3930 numerare
388 3879 546 3950 oporteret,
560 3880 591 3930 et
610 3869 725 3949 legibus
739 3868 809 3929 date
823 3868 1004 3928 immunitate
1021 3867 1174 3939 frueretur,
1187 3867 1218 3926 in

120 3983 188 4026 earn
207 3963 426 4044 expeditionem
439 3983 500 4025 non
512 3981 695 4043 progressus,
708 3962 738 4021 et
759 3981 778 4021 a
800 3961 951 4041 Stephano
970 3960 1093 4020 desertae
1107 3958 1217 4018 militiae

121 4066 289 4129 accusatus,
315 4065 346 4116 et
370 4055 450 4136 apud
466 4056 590 4118 Judices
614 4057 645 4115 in
668 4055 767 4116 odium
792 4064 879 4134 atque
901 4052 1040 4114 invidiam
1062 4051 1215 4125 adductus,

122 4150 293 4221 damnatus,
321 4149 540 4229 ignominiaque
556 4158 676 4209 notatus
695 4159 751 4208 est.
792 4149 840 4209 An
853 4166 922 4208 vero
938 4165 997 4205 non
1011 4144 1140 4223 iniquum
1154 4164 1217 4207 esse

121 4243 241 4324 putetis,
254 4261 322 4303 cum
337 4252 442 4303 natura
454 4242 544 4315 cives,
557 4252 589 4302 et
605 4242 735 4322 legitima
753 4242 866 4302 ratione
879 4239 1003 4300 civitatis
1019 4236 1219 4317 participes„e

122 4335 277 4416 Stephano
291 4334 408 4395 civitate
422 4336 481 4396 sint
500 4335 623 4415 privati:
643 4354 694 4395 eoa
707 4335 756 4415 qui
769 4324 888 4394 omniuo
901 4330 988 4392 alieni
1002 4336 1083 4404 sunt,
1095 4331 1217 4407 pervim
1268 4355 1271 4360 ·

123 4448 178 4509 pro
190 4428 425 4490 Atheniensibus
438 4428 548 4491 intrudi
558 4438 663 4490 'contra
672 4445 775 4489 omnes
788 4426 872 4507 leges
878 4425 946 4498 i-,
952 4422 1163 4506 hipparchum
1171 4441 1231 4481 aa·
